4104 5228
292 90 377 172 216

422 311 812 382 BlRRETUM.

223 521 369 586 Birretotn
391 521 428 584 all
463 537 667 604 tegumentum
699 519 809 606 capitia
833 519 1015 590 Cletleorota

264 603 437 686 proprium,
460 605 539 669 Vide
561 605 640 670 tetb.
663 607 802 667 omnm
822 627 851 665 n.
868 625 915 667 tr.

234 683 244 700 ‘
304 683 566 749 communicatum
600 685 746 750 Birretum
778 683 834 748 soit
865 686 1016 769 Megillrie

264 764 410 840 Artium,
431 769 462 830 de
484 767 675 842 Dosioribos,
699 765 773 826 ibid.
796 789 872 829 num.
888 789 933 830 ta.

223 843 346 922 Eirreti,
370 845 416 910 seo
438 847 589 922 hiemini,
613 865 662 910 aot
687 845 790 910 Pileoli
813 846 877 911 tlte
894 847 922 910 in
938 845 1013 912 Mis-

264 924 316 1002 sn,
338 929 426 991 etiam
449 948 529 992 etrrra
551 930 722 1001 Cononem,
744 930 861 991 concedi
884 951 938 992 non
982 950 1013 992 o·

262 1009 314 1077 lesi
335 1010 372 1074 ab
393 1009 560 1096 Episcopo,
583 1011 626 1074 sed
650 1010 740 1071 solum
763 1029 780 1070 a
803 1012 899 1092 l’apae
921 949 1015 1074 nodus

262 1088 350 1154 etiam
376 1092 539 1176 Episcopus
558 1113 594 1154 eo
615 1096 657 1154 etti
681 1092 771 1174 pocell
794 1091 849 1154 line
869 1091 948 1154 Sedit
973 1095 1013 1155 Α·

262 1173 407 1253 polloliee
429 1175 563 1249 licentia,
586 1173 658 1234 ibid.
671 1197 745 1234 aare.
761 1193 785 1232 t.
799 1173 838 1235 Θ
851 1192 879 1234 a.

222 1247 365 1316 Birretom
388 1255 471 1319 debet
493 1253 654 1337 Episcopus
673 1274 740 1318 enm
762 1255 864 1334 Cappa
875 1251 1014 1318 ledenrad

261 1330 355 1396 sedem
376 1333 456 1403 stam
478 1338 512 1400 de
534 1335 630 1418 perse
654 1336 704 1398 libi
723 1335 896 1411 etetaltere,
918 1338 949 1399 dt
971 1356 1012 1399 re-

261 1430 388 1496 ponerem
410 1437 461 1481 nac
483 1421 575 1500 potell
600 1419 756 1482 Decretum
778 1413 899 1493 secere,
934 1418 1013 1513 qnod

262 1493 306 1559 soi
326 1497 433 1561 Clerici
464 1517 616 1564 teneantur
647 1499 756 1582 setnpet
784 1495 892 1562 deserre
919 1499 1000 1562 litrre

262 1593 351 1655 m,
373 1578 529 1645 ilianum.
561 1583 658 1656 ,(94.

302 1661 445 1725 Canonici
471 1664 507 1724 ¹io
538 1603 717 1726 s‘roceliione
746 1664 823 1723 intra
854 1657 1011 1722 Ecclesiam

261 1739 365 1807 debent
388 1744 517 1809 incedere
539 1745 633 1824 capite
653 1742 783 1817 derecto,
806 1744 1012 1804 &extruant

261 1841 327 1886 eum
351 1823 462 1887 birreto
481 1828 510 1885 in
532 1827 646 1908 capite,
668 1838 754 1903 atque
773 1821 880 1886 Clerici
893 1821 1012 1885 inClto

261 1923 296 1966 te
314 1923 354 2047 g
377 1909 421 1968 oti
445 1907 568 1982 debent,
590 1903 819 1988 necopino,
842 1902 916 1966 r'br'd.
936 1925 1012 1966 num.

196 2111 204 2132 „
222 2062 366 2128 Birretttrn
389 2067 507 2130 rebeum
528 2067 663 2129 omnibns
682 2065 911 2140 cardinalibus,
933 2084 1010 2130 exce·

262 2145 323 2228 ptis
343 2148 552 2228 Regularibos,
574 2147 732 2210 concellum
753 2165 842 2222 erat,
876 2147 941 2212 dein
963 2169 1010 2211 ex·

261 2226 374 2291 tensum
397 2231 432 2290 ad
453 2228 621 2292 Cardinalet
642 2249 676 2289 et
697 2228 857 2290 Ordiniboe
890 2228 1011 2310 Regula

261 2307 332 2382 buc,
356 2308 458 2370 habito
482 2327 579 2371 tamen
603 2305 764 2388 Religionis
786 2349 796 2382 ,
824 2307 853 2367 in
874 2325 931 2388 qua
952 2308 1009 2372 sne·

568 79 868 168 INDEX
927 85 1491 178 GENERALIS

1096 203 1133 346 p:
1150 200 1308 344 s'mplffff
1333 243 1344 280 ,
1375 225 1409 269 ae
1429 222 1552 289 ottaqoe
1570 203 1750 294 affigeretur,
1771 199 1857 282 rard?

1099 306 1368 530 Pbffilizsilprprliipem
1392 365 1439 433 sea
1461 389 1515 474 non
1539 367 1737 474 Haereticalem
1770 377 1848 476 Blas-

1098 525 1201 606 furiose
1221 459 1850 616 ιι1υτριι1111πέτ1ιτ1111ωιῗιε1ηῃ111ιι,1111111111,

1097 608 1273 675 sacramenta
1296 636 1310 685 ,·
1343 633 1370 676 a.
1404 615 1494 680 verba
1512 618 1721 683 contumeliosa
1740 620 1852 702 prolata

1097 690 1127 753 in
1149 691 1268 756 Sanslos
1289 691 1452 758 formaliter
1470 715 1613 777 qnatenus
1633 700 1727 764 Sentii
1761 700 1849 778 sont,

1096 772 1155 836 stre
1173 793 1239 836 curn
1263 775 1431 838 habitudine
1446 775 1545 840 saltem
1558 782 1677 846 virtuali
1687 783 1721 843 ad
1734 779 1847 859 ὓευιπ,
1871 786 1896 800 ‘

1099 873 1126 934 3.
1148 853 1244 936 signe,
1266 857 1295 918 de
1318 855 1849 933 saliaconromeliolaconrraD'ettm,

1097 951 1201 997 contre
1224 937 1371 1019 Imagines
1389 939 1497 1002 Cltrisli
1518 942 1688 1021 Cntcisri,
1720 943 1852 1026 Virginis

1098 1015 1221 1093 Merit,
1244 1019 1424 1102 aliorumque
1444 1022 1612 1088 Sandiorum
1636 1071 1646 1102 ,
1676 1026 1744 1088 licet
1763 1025 1851 1092 verba

1100 1117 1157 1158 non
1180 1098 1256 1172 fine,
1279 1099 1350 1162 ibid.
1363 1125 1391 1163 n.
1413 1123 1460 1165 to.
1475 1104 1600 1167 οιι1ιι.Α

1054 1175 1237 1257 Blaspltemia
1276 1180 1411 1261 qaialiber
1449 1184 1603 1248 deliberate
1632 1187 1783 1250 commissa
1812 1189 1849 1252 eli

1093 1273 1244 1341 peccatone
1268 1261 1409 1333 mortale,
1431 1265 1543 1324 etiarnsi
1566 1267 1598 1327 stt
1620 1269 1688 1339 joco
1709 1269 1822 1348 prolata
1832 1295 1847 1344 ,·

1093 1340 1253 1402 dommodo
1273 1340 1445 1416 deliberare,
1469 1344 1499 1404 δι
1519 1346 1703 1408 advertentet
1733 1349 1767 1408 ad
1804 1349 1849 1412 in·

1093 1418 1317 1486 honorationem
1340 1421 1411 1496 Dei,
1436 1421 1474 1484 ib.
1490 1447 1516 1484 n.
1530 1443 1576 1562 tp.
1590 1425 1627 1488 (a
1645 1445 1693 1504 14.

1135 1501 1213 1565 item
1234 1504 1271 1565 ell
1292 1519 1438 1584 peccatum
1463 1511 1584 1567 monae
1609 1549 1618 1578 ,
1641 1503 1710 1569 licet
1731 1509 1849 1588 prolata

1093 1601 1129 1644 et
1150 1582 1272 1658 habitet,
1295 1599 1346 1646 aot
1365 1603 1399 1645 et
1421 1581 1654 1664 indignatione,
1685 1587 1715 1647 dt
1736 1589 1796 1662 ira,
1821 1589 1843 1649 li

1093 1661 1301 1745 Blaspltemane
1322 1663 1364 1725 ita
1385 1663 1505 1741 loqoent
1526 1663 1657 1726 advertat
1676 1665 1849 1746 advilipen·
1866 1667 1915 1682 κ

1095 1747 1201 1808 sionem
1228 1745 1302 1817 Dei,
1324 1741 1370 1808 vel
1395 1762 1489 1808 rerum
1503 1741 1667 1818 sacrarum,
1687 1759 1774 1822 qoem
1787 1765 1852 1808 ver·

1095 1825 1133 1887 ba
1154 1823 1200 1886 sert
1224 1823 1411 1918 blasphemiae
1432 1823 1633 1967 prpspsesrtppn
1655 1823 1737 1964 aiit'er
1750 1843 1850 1888 tanten

1092 1925 1164 2050 iii,
1176 1921 1280 2048 iffi
1297 1919 1581 2067 {iiiii’nindt
1603 1923 1706 2048 ,iiiii
1718 1923 1852 2060 [iiiii

1093 2091 1169 2129 num.
1194 2085 1239 2147 ις.
1262 2068 1302 2127 ad
1324 2085 1369 2143 17·
1393 2063 1591 2130 Conloleodua
1612 2067 1665 2130 ltac
1687 2069 1721 2130 de
1744 2087 1774 2131 re
1794 2069 1844 2130 Pa-

1092 2231 1132 2290 ad
1151 2249 1226 2291 nunt.
1252 2245 1298 2308 17.

263 2405 327 2450 rant
349 2387 492 2470 prosali,
525 2391 555 2451 in
585 2389 694 2451 caterio
720 2385 796 2451 niltil
827 2387 1008 2466 immutato,
1051 2387 1696 2473 osns‘ttrfinrttn,qa02aejnpanae‚
1722 2373 1839 2465 deeius
1900 2357 1908 2364 ⁸

264 2467 336 2531 ibid.
357 2491 433 2531 nure.
449 2489 478 2552 7.
489 2473 527 2532 ad
538 2493 567 2548 9.

330 2670 845 2770 ΙΒιΑὸΡΗΕΜῐΑ

270 2879 368 2958 Quid,
389 2882 570 2966 qootoplee,
591 2881 623 2947 dc
643 2898 776 2966 quanam
798 2877 883 2962 eulpa
904 2876 956 2941 lit.

222 3037 404 3125 Blasphentia
423 3047 461 3108 esl
482 3041 690 3110 contumeliosa
711 3043 822 3107 locterio
843 3041 872 3103 in
893 3041 1008 3126 Deum,

262 3123 308 3188 seo
328 3125 538 3188 contumeliosa
558 3127 592 3187 de
616 3125 678 3186 Deo
699 3124 873 3195 allirmatio,
897 3123 942 3185 vel
964 3140 1010 3183 ne·

261 3206 363 3285 patio,
386 3197 432 3265 vel
455 3203 627 3268 immediata
642 3246 650 3278 ,
668 3221 731 3281 qoae
754 3203 846 3265 Deum
870 3204 899 3262 ln
922 3195 1012 3282 seipso

261 3285 382 3362 attingit
393 3327 400 3353 ,
412 3282 468 3376 'vel
492 3283 634 3355 mediata,
659 3297 721 3421 epita
742 3279 885 3361 prosector
899 3282 927 3341 in
939 3283 1006 3345 San·

261 3363 348 3427 dlos.
379 3363 456 3426 the
478 3365 556 3425 verb.
578 3361 662 3441 Blasp
684 3361 757 3422 emin
789 3379 846 3423 arr.
883 3379 908 3422 r.
931 3383 1006 3422 num.

266 3445 383 3510 wa.

222 3517 404 3609 blasphemia
423 3521 648 3607 quadrupliciter
668 3519 849 3606 potisiimttnt
872 3525 1007 3586 commir-

261 3609 285 3670 ti
308 3607 416 3688 porell.
440 3605 540 3672 Primo
561 3606 628 3667 dom
650 3605 685 3668 de
697 3605 758 3669 Deo
771 3613 910 3689 negator,
932 3608 1009 3688 quoi

262 3691 287 3750 ei
309 3689 463 3765 contenit,
486 3687 532 3753 vel
554 3686 664 3768 aliquid
685 3691 719 3752 de
749 3685 810 3769 ipso
831 3683 1009 3759 affirmator,

259 3769 336 3912 pond
359 3770 384 3833 ei
406 3791 464 3834 non
485 3771 642 3846 convenit,
667 3789 695 3831 a.
718 3769 786 3831 dum
819 3769 885 3868 qnia
915 3767 1010 3830 Deum

279 3851 431 3922 efellator3
456 3873 483 3934 3.
505 3853 572 3916 dum
593 3855 658 3934 quie
678 3849 902 3914 contumeliosas
933 3851 1009 3911 loco·

259 3931 353 3995 tiones
374 3932 481 4016 profert
503 3932 531 3995 in
556 3933 588 3998 Β.
611 3933 741 3996 Mariam
766 3931 938 4016 Virginem,
963 3927 1008 3994 vel

258 4013 393 4092 Sonos,
417 4034 467 4078 ant
488 4015 703 4092 Sacramenta,
736 4014 781 4079 vel
818 4035 860 4077 res
884 4011 947 4076 Deo
970 4011 1008 4074 sat·

255 4111 339 4166 crae3
361 4115 390 4172 4.
413 4098 480 4158 dom
502 4097 567 4179 quis
588 4095 692 4178 absque
712 4093 905 4160 affirmatione
927 4137 936 4170 ,
959 4091 1008 4156 nel

259 4176 430 4258 negatione,
452 4197 501 4240 aot
522 4179 732 4255 derelictione,
752 4175 800 4242 vel
823 4175 1007 4259 imprecatio·

258 4277 295 4320 ne
306 4277 365 4400 per
385 4257 570 4340 despeslum,
592 4277 641 4322 aot
671 4259 899 4354 indignationem
934 4259 1005 4331 inio-

259 4341 303 4402 rio
317 4362 348 4416 e,
370 4358 419 4402 aut
441 4337 592 4422 probrose,
615 4359 748 4403 nominat
772 4341 824 4405 Dei
844 4338 1004 4412 attributa,

258 4421 458 4497 Sacramenta,
482 4419 588 4482 Chtilli
612 4420 775 4500 sanguinem
808 4425 865 4486 dec.
896 4423 937 4484 ib.
958 4443 1003 4482 nu.

216 4504 400 4666 sslsspsedmsi
422 4585 561 4671 precipue
582 4581 722 4646 dividitor
743 4583 771 4645 in
794 4579 1003 4656 hareticalem,

1214 2470 1278 2535 dem
1301 2469 1431 2542 iadicem
1454 2489 1690 2557 competentem.

1049 2629 1237 2717 blasphemia
1258 2633 1342 2718 culpa
1363 2635 1392 2696 in
1416 2635 1490 2716 Lege
1524 2635 1613 2698 veteri
1644 2649 1706 2699 erat
1735 2631 1843 2698 mortis

1089 2736 1181 2798 poenae
1202 2714 1341 2861 subiedig.
1363 2715 1439 2780 Vide
1462 2717 1539 2779 verb.
1571 2715 1749 2798 Bsalphentr'a
1784 2729 1842 2780 alr·

1092 2819 1120 2858 2.
1141 2819 1217 2858 nam.
1246 2819 1269 2859 r.
1356 2819 1384 2857 a.

1127 2877 1178 2941 ob
1200 2875 1412 2961 lilaspltemiam
1435 2877 1602 2942 Antiochus
1625 2875 1772 2939 insanabili
1802 2879 1838 2940 &-

1091 2956 1228 3023 invisbili
1252 2962 1336 3041 plaga
1358 2959 1497 3042 perculsus
1517 2959 1591 3034 suit,
1614 2957 1846 3022 Holoferneefe=

1092 3040 1178 3102 mina
1199 3041 1437 3114 manuacense,
1459 3039 1582 3104 Goliath
1605 3063 1622 3102 a
1646 3039 1756 3103 Daniele
1771 3039 1799 3104 la
1821 3041 1845 3102 i-

1093 3121 1136 3181 dis
1159 3119 1214 3184 selu
1237 3143 1251 3182 e
1272 3117 1358 3182 sunda
1379 3121 1476 3184 emisio
1500 3137 1688 3205 peremptus,
1715 3059 1846 3203 topasio

1094 3203 1132 3262 ob
1165 3199 1377 3284 Blaspltemiam
1409 3201 1505 3284 gladio
1546 3205 1575 3265 δι
1607 3203 1683 3266 sante
1710 3200 1841 3262 consom-

1088 3297 1156 3364 pttts
1177 3280 1213 3343 eli
1225 3306 1238 3355 ,·
1260 3281 1296 3342 fic
1318 3283 1395 3345 varii
1414 3283 1465 3344 alii
1488 3283 1526 3346 ob
1540 3283 1745 3366 blasphemiam
1765 3301 1845 3348 mor·

1091 3379 1120 3424 te
1140 3360 1236 3442 puniti
1258 3359 1391 3441 suerunt,
1416 3362 1455 3426 ib.
1476 3390 1503 3426 n.
1516 3366 1630 3446 3:1d7.

1047 3511 1052 3522 ‚
1130 3441 1227 3506 Modo
1248 3443 1432 3526 blalphemioe
1453 3465 1543 3528 poenae
1564 3445 1627 3510 aliae
1649 3445 1712 3510 sunt
1734 3445 1846 3522 dejure

1089 3523 1242 3590 Canonico
1263 3528 1436 3604 commoni,
1459 3527 1521 3590 alia
1543 3526 1575 3588 de
1597 3532 1657 3602 jore
1678 3527 1758 3590 civili
1779 3571 1787 3604 ‚
1811 3545 1850 3592 ac

1092 3623 1193 3668 omnes
1226 3606 1383 3672 luculenter
1413 3608 1617 3686 recensentur,
1651 3605 1691 3672 ib.
1713 3633 1788 3671 nam.
1813 3610 1844 3674 d.

1093 3693 1302 3866 ‘adspectas
1332 3788 1433 3835 contra
1464 3769 1649 3852 blasphemor
1681 3771 1748 3834 hinc
1780 3766 1847 3832 inde

1092 3849 1256 3947 aliqualiter
1278 3853 1418 3949 relaxatas
1441 3853 1546 3949 redium
1570 3854 1776 3916 attendendum
1788 3849 1842 3912 ser·

1092 3935 1435 4108 lissinis?
1450 3933 1839 4110 dissimillima.

1090 4113 1135 4156 nte
1156 4113 1174 4156 a
1196 4095 1257 4168 jore
1279 4093 1394 4160 llaturis'
1411 4093 1592 4172 subiaceant,
1614 4097 1716 4160 debent
1737 4093 1843 4158 delibe-

1092 4189 1153 4238 rate
1173 4173 1202 4237 de
1224 4175 1309 4257 plena
1339 4178 1519 4242 advertenria
1551 4178 1745 4263 Blasplternias
1777 4195 1844 4258 pto·

1089 4253 1176 4334 serre,
1199 4257 1271 4320 idid.
1292 4283 1368 4322 num.
1382 4261 1480 4323 adst
1496 4279 1543 4340 27.

1128 4337 1283 4434 Iracundia
1303 4341 1337 4402 ad
1359 4339 1415 4416 hoc
1446 4355 1481 4438 ut
1512 4339 1624 4405 excuser
1658 4339 1840 4423 Blaspentan·

1087 4436 1149 4564 {sl
1171 4423 1842 4585 {altitszlnlitlllnllll,

1088 4605 1116 4648 v.
1138 4603 1166 4666 g.
1189 4587 1224 4646 ab
1247 4583 1323 4646 holle
1346 4583 1444 4656 injolle
1466 4583 1608 4663 invasos,
1640 4583 1686 4652 vel
1719 4605 1840 4679 uxorem

1766 4688 1794 4727 111
