4104 5228
64 2823 70 2830 “
188 2815 357 2880 miraculose

433 131 1486 247 annum-uovnurcrunn

189 327 433 427 'BAPTlsnlus
451 329 548 428 quoad
563 331 632 423 ‘eius
653 325 828 422 subjecium,
845 325 882 390 ἃ

339 409 539 496 drspofitrones
562 429 593 470 ιιι
616 406 740 482 subrelio

351 573 354 580 ¹
455 490 628 573 requilitaa.

234 653 397 732 sobjettom
419 673 510 738 capax
531 650 730 738 Baptisnten
750 651 875 725 omnia,
905 652 956 715 δι’

120 746 122 750 ’
188 735 265 802 inlus
284 741 376 800 horno
398 736 506 801 Viator
527 735 616 800 etiam
638 735 690 802 vix
713 751 828 808 natua,·
858 732 937 797 Vide

188 821 269 884 verb.
291 818 451 900 Baptismus
470 833 525 894 arr.
550 839 576 898 5.
597 843 626 882 n.
650 839 677 881 1.

228 901 307 962 Item
328 917 447 978 capaces
475 895 568 975 sunt,
599 899 629 962 &
658 895 800 980 baptizari
830 891 934 958 debent

187 977 286 1042 ferioli
304 979 368 1054 ,.&
384 996 511 1042 amentes
531 1000 548 1041 a
568 979 725 1043 nativitate
745 1021 754 1052 ‚
776 975 827 1055 qui
848 973 935 1036 nullis

188 1058 316 1142 gaudent
345 1058 447 1122 lucidia
469 1059 656 1136 intervallis,
687 1059 718 1120 δι
738 1057 788 1154 qui
802 1077 845 1151 'ea
869 1051 934 1116 sana

190 1154 287 1203 mente
308 1138 336 1199 in
358 1137 499 1218 furorem,
521 1143 551 1204 bt
572 1139 732 1204 amentiam
752 1137 932 1212 tncrdetunt,

188 1219 285 1300 fipro
305 1237 362 1284 tem
406 1221 525 1286 resanat
555 1223 663 1284 tuentis
685 1218 863 1300 baptilmum
886 1235 932 1297 pe·

187 1297 308 1374 tieriot,
328 1325 362 1365 ve
396 1302 582 1368 voluntatem
604 1301 683 1364 illius
703 1299 859 1382 recipiendi
874 1296 933 1361 sen·

186 1377 307 1442 bbiliter
319 1383 531 1457 ¹errltibuerint;
553 1381 676 1447 ibid-n.
691 1402 719 1442 a.
732 1403 759 1457 ι.
773 1380 812 1444 (J
823 1400 855 1454 4.

231 1460 337 1526 Pariter
358 1465 500 1546 baptizari
520 1464 625 1526 debent
648 1461 774 1524 monilia
795 1479 831 1522 ex
852 1457 937 1534 viro,

188 1538 219 1603 &
240 1541 359 1607 muliere
379 1545 506 1626 genita,
529 1543 561 1603 δι
581 1541 601 1601 sa
620 1541 730 1604 constet
750 1560 784 1601 ea
806 1537 935 1618 gentina·

179 1616 937 1778 mmmmm

410 1742 419 1773 ‚
796 1745 804 1760 .

177 1778 338 1843 dubitetur
358 1800 394 1841 an
417 1776 486 1841 duae
505 1777 631 1842 habeant
651 1777 787 1849 animas,
820 1776 862 1840 bie
884 1775 936 1839 Ba·

212 1858 315 1922 tismus
335 1858 584 1929 confundebat,
608 1879 679 1950 unua
698 1857 827 1920 ablolute
847 1856 877 1917 in
900 1857 934 1918 il·

162 1961 229 2162 ἐ
240 1959 321 2160 gli:
334 1983 363 2080 ι’.
379 1935 934 2098 ll‘'tltlzillzt'l‘iii‘ll.:

227 2178 394 2243 Monstrum
415 2175 546 2261 genitum
570 2201 604 2244 ea
625 2177 773 2256 muliere,
797 2178 828 2241 δι
847 2177 935 2242 bruto

184 2257 327 2340 baptizari
350 2281 408 2324 nou
430 2259 512 2322 debet
534 2303 544 2336 ,
575 2261 646 2326 bene
666 2280 765 2336 vero,
802 2261 821 2322 sr
843 2260 877 2322 fit
898 2281 934 2322 er

186 2339 271 2414 viro,
292 2340 323 2403 δι
343 2341 430 2404 bruto
450 2338 566 2404 femella
585 2364 593 2411 t
615 2341 646 2404 in
667 2342 757 2404 dubio
777 2360 875 2406 autem
897 2361 934 2402 an

186 2417 221 2480 tit
241 2442 275 2482 et
297 2422 383 2485 bruto
404 2419 548 2495 masculo,
570 2421 616 2484 vel
639 2423 770 2494 ervire,
792 2421 933 2504 baptizati

187 2498 270 2563 deber
292 2499 343 2563 sub
361 2501 417 2563 bac
437 2502 604 2565 conditione
622 2527 638 2576 5
669 2507 702 2566 si
722 2501 800 2564 bomo
819 2526 849 2564 er
870 2505 934 2566 (te.

188 2577 261 2641 ibid.
283 2606 360 2644 num.
374 2603 404 2659 7.
426 2581 455 2642 8.
478 2581 518 2643 Θ
542 2605 571 2658 9.

227 2661 257 2723 Si
278 2661 392 2725 daretur
414 2659 509 2734 casua,
531 2659 609 2737 quod
631 2658 725 2721 infans
746 2679 802 2724 non
826 2661 874 2723 via
893 2680 940 2721 ot·

185 2739 317 2812 dinaria,
341 2743 370 2800 δι
378 2757 453 2876 (petz
457 2737 624 2876 serminalet?
635 2740 870 2816 generationem,
894 2736 940 2878 [ἑά

390 2837 423 2878 οι
457 2836 573 2879 auser
619 2837 725 2878 umana
754 2837 837 2882 carne
888 2837 933 2876 r·

188 2896 296 2980 digiose
319 2896 495 2972 nasceretur,
517 2917 552 2960 an
575 2895 638 2960 ellet
660 2837 932 2978 baptizandarupib.

189 3001 265 3041 nam.
285 3000 337 3046 ro.
782 3001 789 3019 ·

145 3093 148 3101 ·
230 3057 302 3118 Filii
331 3057 446 3139 parvuli
476 3078 724 3140 quorumcumque
746 3057 932 3134 infidelium,

129 3178 132 3182 -
180 3137 246 3203 ·srve
267 3159 412 3220 nunquam
435 3138 679 3220 baptizatorum,
711 3141 767 3203 five
797 3143 856 3214 jam
887 3141 934 3202 ba·

186 3219 362 3301 priuatorum
395 3217 506 3302 poliunt
539 3221 633 3284 valide
662 3221 802 3303 baptizari
833 3217 960 3288 invitia

188 3302 353 3381 parentibus
365 3326 378 3373 ;
399 3299 470 3364 ibid.
491 3325 566 3364 nam.
586 3323 631 3366 ιι.
653 3304 692 3365 Θ
718 3321 764 3364 12.

229 3381 300 3472 Filii
322 3381 435 3461 parvuli
451 3381 607 3454 infidelium
618 3383 844 3464 baptizatorum,
867 3384 935 3448 iden

187 3461 714 3608 ⁸²“‘²‘.⁰·l¹”’ll¹.ll.⁰ll.².‘l¹¹¹
737 3465 934 3609 illicit:

170 3542 256 3684 2131
269 3562 374 3716 ibiibi
381 3586 567 3717 parentibus,
592 3625 610 3687 sr
632 3627 675 3688 ita
697 3565 789 3689 vpelint
810 3565 937 3708 legitimi

184 3701 639 3866 suffiliirrerifi'dilbriimirubbuam
650 3785 865 3868 baptizatorum
886 3805 933 3850 ot·

1056 241 1160 306 Multa
1179 243 1260 306 docte
1281 263 1314 307 ae
1333 243 1477 327 sapienter
1497 245 1624 317 stabilita
1648 172 1767 326 {uerunt

1017 345 1035 386 a
1056 321 1209 386 beneditio
1229 323 1315 386 xlv.
1335 329 1416 390 circa
1436 326 1618 410 baptismum
1640 335 1768 406 Hebraeis

1019 401 1389 562 {ollagrnsrelubiantibue
1418 407 1586 479 Parentibus
1606 439 1618 490 ι
1646 415 1717 482 ibid.
1736 439 1786 487 ιιι·

1040 509 1071 564 9·
1170 507 1231 564 ur·
1677 545 1678 550 ι

1060 564 1227 644 Pariterque
1256 564 1337 632 docte
1367 567 1468 635 delinit
1500 577 1684 656 quandonam
1707 584 1766 650 He·

1020 645 1108 708 braeus
1129 645 1163 707 srt
1183 647 1375 723 evocandus,
1406 652 1436 714 δι
1457 653 1635 724 Christianus
1656 663 1766 729 traden-

1018 728 1097 803 dus,
1130 725 1150 787 sr
1173 727 1281 789 nuncio
1301 726 1376 791 baud
1397 729 1481 797 dubie
1502 736 1613 803 delatus
1644 743 1677 804 srt
1698 745 1765 808 defi·

1018 807 1116 870 derare
1139 805 1179 868 Ea
1201 805 1343 880 rismum
1364 807 1436 872 ibid.
1451 837 1526 876 num.
1549 837 1618 879 ιιι.
1632 821 1671 883 Φ
1687 827 1766 910 seqq.

1055 887 1104 952 Ac
1123 825 1240 951 taudem
1263 887 1345 953 docie
1366 891 1466 954 definit
1487 896 1563 958 circa
1584 899 1764 981 baptismum

1015 967 1190 1052 Sponsorum
1213 968 1244 1031 δι
1262 973 1421 1053 conjugum
1443 974 1631 1038 Hebraeorum
1660 981 1697 1043 ab
1718 1005 1764 1048 eo·

1015 1061 1080 1113 rum
1102 1049 1184 1112 Viris
1203 1049 1367 1116 oblatarum
1389 1053 1474 1116 Fidei
1482 1055 1652 1121 Chrillianae
1663 1082 1673 1132 3
1693 1062 1767 1128 ibid.

1015 1153 1091 1198 num.
1117 1133 1182 1194 116.
1204 1131 1244 1194 (9
1259 1133 1339 1214 seqq.
1357 1133 1370 1152 '

1051 1211 1264 1307 Quomodo&
1284 1214 1402 1295 quando
1432 1216 1556 1282 conferri
1586 1221 1690 1286 debeat
1711 1223 1765 1290 Ba·

1016 1289 1137 1372 ptrlmus
1166 1291 1254 1355 Frlue
1282 1295 1436 1360 mulierum
1468 1299 1698 1368 Christianarum
1729 1331 1766 1373 ex

1020 1372 1208 1530 gntsubernio
1228 1374 1389 1440 Turcarum
1411 1379 1542 1460 genitu,-
1563 1382 1636 1448 ibid.
1667 1393 1701 1451 ιι.“
1715 1395 1765 1473 36.

1096 1474 1157 1531 ἔῃ·

1059 1529 1094 1591 Ιιι
1116 1529 1272 1594 infantibus
1304 1549 1372 1599 ante
1392 1536 1472 1600 nsunt
1496 1542 1642 1620 rationis,
1673 1547 1703 1610 &
1734 1552 1764 1616 in

1016 1612 1764 1780 mmmmm

1019 1770 1046 1834 se
1067 1734 1260 1854 recipiebdum
1272 1769 1420 1856 baptisma
1429 1804 1443 1852 ,·
1453 1741 1493 1838 ’in
1510 1781 1627 1852 Adultis
1649 1805 1718 1849 vero
1730 1788 1764 1851 ad

1017 1853 1214 1935 recipiendum
1236 1854 1330 1919 valide
1352 1901 1361 1931 ,
1383 1859 1414 1920 ἃ
1435 1857 1573 1924 fructuose
1594 1881 1657 1932 tres.
1671 1866 1719 1929 dis
1755 1907 1766 1919 -

1018 1933 1132 1998 firionee
1155 1933 1336 2013 requiruntur
1356 1979 1366 2014 ,
1401 1940 1433 2003 δι
1451 1938 1626 2023 alfignantur
1646 1973 1660 2022 ;
1690 1885 1764 2012 idd-

1016 2036 1092 2076 nam.
1115 2035 1164 2092 24.
1184 2015 1224 2074 ad
1245 2036 1293 2094 27.

1057 2097 1130 2158 Non
1152 2093 1308 2176 requiritur
1328 2111 1425 2164 tameo
1447 2102 1476 2164 io
1497 2103 1563 2185 ἱρῆς
1592 2107 1696 2174 adultis
1716 2109 1765 2175 ba·

1016 2175 1161 2257 ptieandic
1181 2176 1309 2248 exterior
1330 2186 1678 2262 peccatorumconleffi03
1700 2191 1763 2257 imo

1015 2256 1209 2338 recipiendum
1227 2257 1406 2340 Baptismum
1428 2264 1524 2329 valide
1545 2265 1574 2328 in
1596 2270 1701 2334 adultis
1723 2295 1766 2336 ra·

1015 2336 1097 2400 tione
1117 2337 1263 2401 utentibus
1284 2342 1437 2420 requiritur
1459 2344 1550 2410 solum
1562 2352 1657 2428 prima
1670 2350 1718 2414 dis

1016 2417 1080 2481 snio
1102 2439 1137 2482 ex
1158 2415 1320 2512 affignatis,
1342 2423 1372 2484 δι
1387 2422 1491 2488 sufficit
1511 2429 1636 2508 quilibet
1647 2374 1765 2499 condi:

1018 2495 1062 2560 sos
1084 2496 1266 2564 voluntarius
1287 2501 1361 2564 licet·
1388 2524 1444 2567 non
1468 2508 1665 2575 involuntario
1689 2518 1761 2578 mir·

1016 2594 1081 2653 tus,
1104 2580 1134 2640 ἃ
1155 2580 1217 2642 aliae
1237 2581 1297 2644 dua
1316 2581 1512 2661 dispositiones
1528 2595 1709 2666 requiruntur
1722 2595 1764 2656 so·
1786 2591 1789 2594 ’

1020 2656 1082 2718 lum
1105 2659 1140 2718 ad
1161 2679 1227 2720 eum
1257 2659 1395 2724 fructuose
1424 2667 1619 2746 recipiendum
1643 2697 1657 2743 ,·
1692 2673 1766 2737 ibid.

1020 2757 1096 2796 num.
1126 2737 1174 2796 28.
1198 2737 1236 2794 ad
1260 2759 1307 2814 32·

1058 2811 1384 2892 neccommittam,
1418 2818 1484 2881 ideil
1515 2825 1607 2905 posito
1623 2781 1691 2896 adiu
1713 2836 1765 2896 Fi.

1014 2892 1059 2956 dei
1082 2936 1091 2968 ‚
1122 2893 1152 2954 δι
1174 2891 1282 2955 doloris
1303 2895 1511 3036 depereatis,
1539 2922 1607 2965 tunc
1630 2914 1765 2994 recipitur

1017 2975 1104 3036 etiam
1135 2971 1275 3036 fructuose
1313 2978 1417 3056 abque
1447 2979 1630 3047 reiteratione
1664 3009 1698 3050 ea
1733 2993 1765 3051 vi

1017 3054 1154 3134 praereriri
1176 3054 1316 3135 baptismi
1339 3059 1443 3140 recepti
1467 3061 1522 3123 fine
1543 3062 1642 3142 Fide,
1664 3070 1694 3130 δι
1714 3069 1764 3134 do·

1017 3137 1097 3208 lore3
1119 3133 1192 3198 ibid.
1214 3159 1290 3198 num.
1315 3161 1362 3219 33.

1056 3217 1097 3280 Et
1121 3217 1195 3278 idem
1217 3217 1250 3279 de
1272 3219 1453 3298 Hernicis,
1484 3222 1535 3304 qui
1566 3225 1761 3310 baptizatiin

1016 3297 1121 3360 Hareii
1144 3298 1285 3376 recipiunt
1307 3301 1402 3365 valide
1424 3305 1634 3387 Baptismum,
1667 3311 1697 3374 δι
1721 3335 1760 3379 te·

1017 3377 1135 3474 cedente
1156 3377 1269 3476 fiilione
1291 3425 1299 3454 ,
1324 3382 1390 3478 idest
1411 3385 1550 3468 abnegata
1571 3390 1697 3465 Haresr,
1722 3415 1763 3457 re·

1016 3476 1129 3599 “llll
1144 3461 1419 3623 bilbili?
1432 3467 1621 3632 dilttllt
1641 3493 1763 3620 it...

1019 3619 1182 3700 baptizari3
1205 3624 1281 3685 Vide
1302 3626 1380 3686 verb.
1408 3629 1528 3709 Expostri
1550 3633 1640 3692 Filii.

1058 3701 1269 3766 catechumeni
1291 3724 1347 3764 non
1370 3723 1468 3784 ante,
1506 3705 1548 3770 sed
1570 3711 1631 3787 poll
1654 3711 1761 3793 Baptis-

1015 3799 1124 3856 ιιιιιιιι,
1148 3785 1221 3846 velle
1241 3783 1363 3846 candida
1387 3783 1458 3850 sunt
1483 3786 1618 3853 induendi
1641 3816 1655 3866 ,·
1687 3799 1764 3864 Vide

175 3864 299 3928 -dinarie
317 3862 466 3960 loquendo
488 3885 545 3928 non
568 3869 681 3946 poliunt
703 3863 784 3928 licite
805 3865 931 3948 baptiza·
1015 3862 1092 3925 verb.
1111 3863 1194 3939 Vejlis
1216 3889 1244 3926 n.
1272 3865 1319 3926 18.

188 3945 214 4006 ri
237 3945 341 4009 invitis·
362 3944 529 4026 parentibus
549 3947 635 4010 etiam
657 3945 824 4026 degentibus
844 3949 872 4009 in
895 3947 936 4009 di·
978 3939 1159 4024 Baptismum
1182 3945 1281 4008 adulto
1302 3943 1423 4008 conferri
1445 3969 1502 4010 non
1536 3949 1619 4014 debet
1640 3955 1691 4020 nisu
1706 3981 1762 4024 an·
1876 3947 1888 3950 ’

188 4025 318 4089 tionibus
349 4027 518 4108 Principum
551 4025 809 4103 Christianorum,
849 4027 936 4109 idque

129 4141 135 4150 ·
188 4107 309 4184 eaprelle
330 4107 522 4188 prohibetur,
545 4109 572 4170 δι
593 4108 642 4188 q'ui
665 4107 692 4170 id
716 4105 839 4184 faceret,
861 4109 938 4172 ultra

179 4205 272 4264 grave
294 4207 443 4268 peccatum
465 4191 530 4252 ellet
552 4185 645 4252 severe
658 4188 840 4270 puniendua;
860 4187 934 4254 ibid.

186 4288 216 4332 rr.
241 4283 288 4338 14.
307 4269 345 4328 ad
367 4273 414 4331 16.
438 4269 476 4332 (9
496 4295 524 4334 ιι.
545 4291 595 4350 43·
619 4268 658 4331 (⁹¹
674 4269 754 4350 seqq.

228 4345 412 4411 prohibitum
444 4349 483 4412 est
515 4353 655 4413 ordinarie
675 4351 835 4430 loquendo,
864 4350 934 4431 quia

182 4426 291 4487 dantur
311 4425 401 4506 aliqui
423 4431 520 4508 casus,
541 4431 570 4492 in
590 4431 693 4512 quibua
704 4429 868 4513 parentibus
890 4431 933 4492 in·

1018 4041 1065 4086 tea
1085 4024 1233 4121 instrutlua
1254 4024 1340 4087 suerit
1363 4027 1390 4085 in
1414 4028 1676 4114 MyneritsFidei,
1698 4061 1762 4124 (μη

1019 4101 1084 4167 suut
1103 4105 1253 4168 neceffarra
1283 4104 1441 4172 neceffirate
1473 4113 1560 4174 medii
1578 4113 1664 4186 prb.
1685 4145 1761 4188 nam,

1026 4184 1136 4338 ”boii
1151 4187 1335 4328 iiiiiendum
1356 4310 1364 4340 ‚
1387 4267 1414 4328 δι
1436 4273 1583 4350 qtotnodo
1605 4280 1760 4357 praelicen-

1015 4342 1083 4408 dum
1108 4343 1141 4408 lit
1162 4345 1238 4407 circa
1262 4343 1441 4427 Baptismum
1464 4351 1639 4431 violenter,
1674 4379 1760 4440 atque

1016 4425 1119 4489 animo
1140 4424 1225 4507 plane
1244 4430 1397 4494 contrario·
1413 4429 1570 4516 susceptum
1587 4461 1596 4509 ;
1617 4438 1690 4500 ibid.
1712 4462 1759 4501 nu.

184 4505 275 4580 vitis,
297 4506 410 4587 poliunt
431 4509 598 4576 eorumfilii
620 4511 699 4576 licite
721 4510 881 4594 baptizari,
902 4509 934 4574 bt
1018 4510 1066 4584 56·
1089 4507 1127 4569 (9
1141 4507 1222 4654 jez·

41 4631 63 4652 .·
174 4583 277 4671 {aiecii
291 4605 521 4678 Ιιιιιιιιοιιιιιιιιιιι
540 4589 611 4658 ibid.
620 4617 649 4664 a.
665 4615 713 4677 17.
723 4595 762 4662 ad
785 4615 832 4676 23.

970 4581 1183 4672 baptismata
1215 4588 1321 4659 adulto
1340 4590 1513 4676 susceptus,
1544 4592 1645 4656 animo
1674 4591 1758 4656 susd-

1631 4671 1710 4754 pien-
