4100 5248
274 122 445 273 systum
469 242 479 277 ‚
510 195 561 278 qui
582 196 657 270 filias
677 199 764 269 babet
785 195 925 274 nobiles,
957 217 1027 280 quas

273 282 427 356 commode
456 283 554 348 dotare
591 301 649 348 nun
684 281 808 367 potest;
843 279 889 350 Sic
920 281 1027 365 pariter

584 85 883 178 INDEX
941 85 1503 182 GENERALIS

1107 220 1159 280 45.
1180 200 1261 272 verb,
1272 195 1423 280 Macte.
1435 196 1610 278 eduinum-
1622 195 1873 284 mintespmfied

1112 301 1161 352 uo·
1185 281 1225 350 Et
1247 279 1275 342 ld
1297 276 1502 359 neironem
1513 275 1791 362 ponamlncurrate
1812 283 1866 344 Vi-

273 367 392 454 puella,
423 383 486 446 qua
505 382 563 426 non
585 360 671 428 babet
693 380 851 443 congruam
871 360 970 428 dotem
993 361 1029 424 ad
1110 363 1145 425 de
1166 359 1517 442 terbAEleemosyuanum.
1534 363 1583 435 64.

274 451 317 518 sui
339 451 425 514 slatus
445 442 673 509 conditionem:
706 441 785 508 Idem
816 439 906 509 etiam
927 443 965 505 ell
984 442 1027 509 di·
1071 440 1269 524 Eleemosynae
1288 460 1344 592 ἓτο
1367 439 1464 512 Mtue
1483 437 1661 506 celebrandis
1681 439 1769 523 recipi
1803 462 1865 512 non

274 531 396 598 nendum
419 528 453 590 de
474 523 559 588 Filiic
578 521 749 590 habentibus
778 523 828 590 sibi
851 522 1027 601 necessaria,

274 613 326 696 qui
359 607 522 676 fibabeant
552 618 682 688 parentes
702 605 852 672 necessario
880 603 1026 682 alendos,

275 697 307 760 ἃ
329 693 364 758 ad
395 689 424 752 id
446 708 503 751 non
524 685 670 760 habeant,
700 685 787 752 &de
809 685 870 762 iis,
906 686 956 781 qui
979 685 1027 754 ba·

275 777 350 841 bent'
365 771 488 842 fratres,
521 785 570 832 aut
593 765 724 842 sorores,
754 765 859 854 quibus
886 767 1029 834 alimenta

275 856 399 940 praebere
420 864 572 922 tenentur,
594 845 666 909 ibid.
677 870 753 910 num.
768 867 815 926 27.
829 847 868 907 ad
878 870 892 930 3
902 869 927 910 t.

317 931 455 1016 Religiost
478 930 672 996 mendicantes
684 927 803 1010 pullum
832 926 1028 1009 eleemosynas

276 1016 406 1084 olliatim
437 1029 561 1094 petere,
591 1011 623 1072 dt
642 1030 691 1072 eos
712 1010 899 1092 impedientes
933 1010 1024 1072 incur·

277 1115 344 1165 runt
380 1090 714 1162 excommunicationem
735 1089 797 1172 ipsu
816 1089 918 1168 fauo,
953 1089 1027 1156 ibid.

278 1198 534 1340 „uffogzboffum
564 1269 661 1316 tamen
694 1251 845 1334 qualluare
874 1267 955 1316 extra
984 1249 1026 1316 di·

1110 523 1224 606 poliunt
1243 523 1279 588 ab
1316 519 1444 598 cdestis,
1470 523 1489 586 n
1511 518 1611 586 iisdem
1632 514 1730 596 Misus
1750 527 1866 589 nunniti

1110 605 1170 684 poll
1193 603 1312 684 longum
1334 619 1450 686 tempus
1469 599 1631 671 satisfiunt
1652 600 1790 681 valeant,
1813 607 1871 676 nisi

1111 685 1144 750 de
1165 683 1301 750 consensu
1332 683 1480 764 illorum,
1530 685 1565 754 ui*
1593 681 1788 766 eleemosynas
1817 687 1869 748 tri-

1111 765 1261 857 buerunt,
1293 763 1334 832 ib.
1351 789 1380 833 u·
1400 771 1451 844 46.
1472 705 1551 834 nesi).
1576 765 1667 848 Mr'fft
1687 785 1744 834 ert.
1767 787 1796 832 2.
1810 767 1869 850 sab

1109 871 1185 911 num.
1203 868 1230 907 2.
1240 849 1270 908 t'n
1278 847 1393 926 respons.
1407 847 1507 912 adxt.
1519 847 1642 918 &ntum

1151 927 1244 994 mine
1265 927 1301 994 ad
1322 925 1552 1000 satiriaciendutn
1573 925 1768 1008 eleemosynis
1780 929 1864 1006 alicui

1107 1005 1238 1074 Ecclesia
1259 1007 1375 1078 traditis
1396 1030 1452 1074 non
1477 1009 1540 1078 sune
1562 1010 1735 1076 celebrante
1758 1031 1863 1092 peret·

1108 1107 1204 1164 tetus,
1227 1087 1276 1158 ubi
1298 1090 1454 1159 commude
1476 1091 1588 1173 poliunt
1609 1089 1740 1160 satisfieri
1759 1093 1863 1173 persa-

1108 1171 1237 1234 cerdotes
1257 1169 1381 1244 ejusdem
1404 1170 1558 1248 Ecclesia,
1590 1168 1696 1240 ibidem
1716 1195 1794 1240 aaa.
1815 1195 1862 1254 47.

1108 1250 1189 1318 verb·
1201 1251 1291 1334 Mt'ffa
1300 1270 1357 1316 art.
1367 1274 1482 1330 sperum.
1499 1255 1542 1318 16.

275 1341 386 1406 netues
405 1338 570 1411 conluetos,
593 1335 624 1400 δι
644 1330 798 1414 alstgnatos
810 1333 938 1418 propriis
949 1333 1028 1398 Con·
1070 1329 1272 1413 Eleemosynae
1293 1352 1345 1412 pro
1367 1333 1560 1400 celebratione
1581 1331 1736 1398 Missurum
1763 1335 1866 1408 oblata

277 1421 431 1494 ventibus,
452 1415 523 1478 ibid.
538 1439 614 1480 num.
630 1435 677 1498 33·
690 1417 728 1480 (t
739 1437 788 1496 34.
895 1471 897 1474 .

320 1499 475 1584 Regulates
495 1518 560 1562 vere
584 1497 788 1560 Mendicantes
810 1517 867 1563 non
897 1509 1029 1559 tenentur

276 1603 375 1672 petere
396 1580 544 1660 licentiam
567 1577 788 1651 abominatio,
811 1579 840 1639 in
861 1576 1028 1651 cujusDioe·

1110 1413 1220 1498 integre
1239 1415 1270 1480 ds
1291 1411 1415 1486 fideliter
1435 1413 1551 1511 suntin
1574 1414 1603 1482 id
1621 1417 1798 1503 etqndae,
1834 1419 1866 1482 α

1109 1493 1867 1659 mununnlnrnlnnz‘aunn

278 1668 332 1732 cest
362 1661 444 1727 strum
476 1662 634 1724 ellectum
665 1657 905 1732 Monalietium,
937 1677 1027 1738 neque
1084 1659 1224 1738 ’6446744
1244 1681 1321 1722 nam.
1343 1663 1393 1739 67.
1417 1657 1456 1721 Φ
1479 1660 1528 1723 68.

277 1749 370 1816 eidem
400 1741 541 1807 ostendere
572 1741 719 1804 licentiam
751 1737 864 1804 suorum
896 1737 1026 1820 superio·
1068 1733 1267 1821 Eleemosynae
1287 1759 1341 1821 pto
1363 1739 1546 1823 expeditione
1576 1739 1710 1810 aduersus
1739 1741 1868 1816 infideles

277 1851 364 1905 rum,
385 1825 454 1886 dum
478 1819 672 1901 eleemosynas
684 1817 853 1900 quatrumin
866 1817 955 1894 locis,
977 1815 1027 1882 ubi

1108 1817 1223 1883 collata
1243 1819 1274 1882 in
1324 1817 1384 1884 iam
1406 1819 1570 1903 quamlibet
1589 1819 1706 1892 musam
1723 1843 1788 1894 uun
1801 1823 1869 1888 suut

277 1910 402 1975 etislunt
422 1905 612 1974 Conventus,
636 1899 681 1964 sed
703 1899 815 1973 solum,
838 1899 857 1962 si
875 1920 921 1966 eas
935 1899 1028 1963 velint
1110 1898 1262 1980 impenden
1285 1921 1324 1976 ae,
1346 1899 1571 1980 t'bt'd.num.69.
1661 1928 1665 1934 ¹

277 1988 414 2069 colligere
435 2002 519 2050 extra
539 1981 629 2064 ipsa3
663 1998 760 2046 tamen
783 1981 801 2042 6
823 1999 904 2045 extra
923 1979 1027 2046 dioece·
1069 1977 1268 2062 Eleemosynae
1298 2001 1322 2050 a
1348 1982 1539 2064 Regulatlbua
1568 1981 1628 2047 fieri
1656 1983 1687 2048 δι
1724 1985 1754 2047 di
1796 1985 1873 2052 'bui

276 2073 357 2142 fim,
381 2069 410 2128 in
431 2086 489 2146 qua
509 2063 593 2126 eresli
615 2061 678 2126 sunt
700 2063 897 2139 Conventus,
928 2059 1029 2148 quaeri·

277 2171 339 2216 tare
372 2146 546 2219 voluerint,
580 2145 683 2207 debent
703 2143 833 2206 obtinere
865 2140 1029 2224 consensum

278 2228 493 2387 :melinum
515 2225 592 2288 illius
612 2223 736 2289 dioecese
754 2267 764 2299 ,
786 2222 856 2288 ibid.
878 2223 955 2286 nu‘m.
979 2244 1028 2303 35.

1111 2059 1252 2206 ᾙῖἷῖΰέἑ.
1284 2063 1459 2146 opportunis
1485 2061 1666 2132 sacultatibus
1693 2065 1861 2131 obtenta*

1113 2170 1123 2206 t
1147 2168 1185 2205 .ta
1234 2165 1304 2224 .7ο.

1153 2223 1208 2286 Per
1228 2221 1374 2288 extensum
1396 2224 1548 2291 exhibetur
1568 2222 1745 2289 saluberrima
1766 2222 1862 2294 Bene-

1114 2301 1183 2364 diui
1204 2303 1290 2366 XIV·
1301 2305 1480 2374 &uulturio
1492 2303 1776 2394 superEleemospuis
1786 2309 1802 2380 ,'
1818 2304 1863 2370 ib.

321 2391 437 2452 Fratres
458 2381 658 2448 Mendicantes
688 2379 881 2462 eleemosynas
910 2403 1033 2464 quarere
1115 2406 1190 2447 num.
1213 2403 1264 2460 71.

279 2487 425 2550 nequeunt
452 2487 505 2549 per
525 2465 619 2539 alios,
656 2483 744 2545 quam
768 2483 819 2544 per
852 2461 893 2526 sui
914 2463 1034 2528 Ordinis
1076 2462 1283 2546 Eleemosynas
1303 2483 1399 2548 petere
1421 2487 1470 2549 pet
1488 2464 1664 2542 Ecclesiam,
1686 2468 1754 2532 dum
1779 2467 1867 2532 Diui·

121 2599 147 2614 .,
280 2547 463 2631 Religiesos,
485 2542 531 2608 vel
553 2543 697 2617 Oblatos,
719 2545 875 2608 ibidmum.
889 2547 938 2626 38.
986 2601 1000 2612 ..

1115 2566 1153 2607 na
1173 2545 1486 2626 celebrantttOfficia,
1508 2549 1546 2616 eu
1567 2550 1774 2632 prohibitum,
1793 2547 1869 2612 ibid.

271 2701 278 2714 ‚
320 2632 369 2696 Sic
390 2630 445 2693 fine
476 2627 595 2690 licentia
617 2626 645 2688 in
668 2625 780 2707 scriptis
800 2625 949 2688 Ordinarii
975 2614 1032 2688 lori
1115 2627 1363 2706 num.48.&49.
1934 2693 1945 2716 ‚

279 2714 355 2778 nulli
383 2709 572 2790 quantumvis
603 2705 781 2790 privilegiati
811 2706 930 2792 possunt
960 2705 1032 2772 elee·
1076 2706 1271 2790 Eleemosyna
1301 2709 1457 2790 dequibus
1477 2709 1560 2776 bonis
1581 2709 1710 2779 facienda
1732 2713 1800 2789 fit,
1833 2711 1872 2774 dc·

280 2793 415 2878 mosynas
449 2811 571 2872 quarere
610 2809 662 2870 pro
693 2789 792 2871 aliquo
825 2807 912 2871 opere
945 2789 1030 2885 pio,

281 2874 393 2942 etiamst
422 2871 509 2937 essent
541 2869 711 2945 l'atentati,
756 2869 803 2934 seu
833 2869 1031 2937 Commtilarii

280 2955 417 3023 Abbatiae
437 2953 465 3016 S.
488 2953 614 3016 Antonii
633 2952 822 3023 Viennenfis3
843 2953 873 3012 lit
892 2951 944 3033 qui
966 2969 1031 3031 pro·

278 3039 432 3103 bibeantur
462 3035 551 3098 talem
575 3033 722 3096 licentiam
745 3033 927 3109 concedere,
960 3029 1031 3096 ibid.

280 3117 636 3265 nugbssidtgtisaiibus,
659 3192 689 3252 δι
710 3189 775 3254 aliis
795 3192 949 3269 locispiis,
971 3213 1034 3273 quae

232 3305 234 3309 ·
280 3275 510 3360 hospitalitatem
546 3273 608 3332 asin
632 3290 688 3329 non
721 3290 879 3344 exercent,
916 3291 971 3336 non
995 3275 1033 3336 est

282 3359 450 3439 regulariter
478 3351 571 3414 danda
601 3351 717 3412 licentia
736 3351 937 3425 quzlluandi.
973 3353 1031 3420 Ne.

282 3461 338 3524 que
359 3433 507 3501 Ordinarii
531 3430 680 3511 probibere
702 3429 812 3504 possunt
827 3432 1033 3514 Regulatibus,

279 3543 319 3593 ,tae
348 3521 503 3602 qua‘lluent
534 3529 600 3578 ante
628 3509 917 3592 confraternitates,
960 3515 1033 3583 ibid.

285 3625 360 3664 num.
381 3618 433 3675 4¹·
458 3595 496 3659 (u
517 3616 568 3674 42.

1115 2783 1177 2853 fieri
1199 2787 1304 2874 polilt?
1326 2789 1397 2853 ibid.
1409 2815 1485 2854 eum.
1500 2814 1546 2872 50.
1557 2791 1655 2874 ed53.

1154 2871 1260 2946 Uxor,
1285 2869 1526 2950 Filiuslamilias,
1548 2871 1666 2950 servus,
1696 2871 1743 2938 vel
1763 2873 1870 2938 Ancil-

1115 2949 1165 3030 la,
1191 2949 1371 3033 Religinsus,
1394 2953 1552 3035 Pupillus,
1575 2953 1864 3028 Administratores,

1112 3033 1266 3109 Tutores,
1298 3033 1329 3098 δι
1358 3035 1544 3112 Curatores,
1576 3034 1612 3098 de
1631 3036 1736 3114 quibus
1755 3033 1868 3111 bonis,

1114 3112 1258 3196 quando,
1293 3135 1351 3196 qua
1380 3113 1526 3190 licentia,
1560 3115 1669 3195 inqua
1702 3117 1869 3197 quantitate

1115 3191 1220 3336 ρὲίΐὲηι
1242 3193 1333 3262 farere
1352 3194 1572 3278 eleemosynas?
1591 3194 1698 3259 ibidem
1717 3221 1794 3260 nem.
1817 3219 1868 3280 34.

1115 3301 1131 3336 a
1195 3298 1224 3338 0·

1154 3356 1353 3424 confirmatur
1375 3345 1646 3425 sereontie'mmr.
1661 3383 1737 3423 num.
1761 3381 1808 3441 57.
1819 3357 1867 3422 ad·

1099 3433 1217 3513 ‹dutla,
1239 3439 1313 3500 ibid.
1327 3442 1359 3500 in
1373 3439 1573 3503 norisadoumt
1584 3460 1632 3520 57.

1156 3517 1237 3593 Quid
1256 3521 1290 3582 cle
1305 3517 1438 3592 Eremita
1459 3517 1585 3586 eleemos
1604 3542 1657 3586 nat
1675 3535 1853 3607 petenteprp

1114 3597 1227 3662 Sacelle
1250 3599 1299 3664 stbi
1321 3601 1548 3666 commendato?
1568 3544 1601 3664 ti

1599 3603 1639 3664 td.
1649 3627 1726 3667 nom.
1739 3607 1812 3668 61(
1814 3593 1825 3608 ”

243 3677 478 3762 Eleemosynae,
510 3677 541 3742 δι
570 3675 743 3738 Oblationes
770 3649 810 3738 ab
839 3671 1035 3740 offerentibus
1075 3677 1334 3775 Eleemosynarum
1356 3680 1522 3748 distributor
1540 3685 1630 3765 potest
1652 3683 1717 3750 illas
1740 3686 1868 3769 utipsu-

285 3761 411 3854 recipere
437 3779 474 3824 an
510 3757 542 3820 fir
561 3755 752 3899 prohibitum·
768 3755 956 3840 Regularibus
991 3759 1033 3822 in.

285 3861 330 3908 ter
348 3839 499 3907 Mulierum
522 3841 559 3903 So
573 3859 687 3909 emota,
709 3835 869 3903 abranam.
881 3861 931 3920 43.

1115 3781 1205 3844 pert,
1238 3763 1282 3827 vel
1305 3761 1359 3828 suis
1381 3763 1598 3844 consanguineis
1626 3766 1800 3849 pauperibus
1818 3784 1882 3844 ape

1116 3843 1289 3926 propriam,
1309 3843 1380 3908 ibid.
1401 3868 1478 3908 num.
1495 3849 1544 3908 62.

327 3921 372 3986 Ex
394 3919 581 4017 eleemosynis
602 3919 787 3993 Milia-rum,
819 3941 855 3982 an
878 3919 1036 4002 pollitali·
1078 3919 1276 4008 Eleemosynae
1306 3925 1430 3990 collesia
1473 3925 1622 3991 occafione
1651 3927 1792 4001 Jebilei,
1827 3922 1870 3990 ad

307 4025 342 4068 ua
368 4024 435 4086 pars
456 4005 569 4066 retinen
592 4002 704 4065 ratione
717 4000 911 4085 ‚expensarum
931 4015 949 4079 ,⁴
974 4023 1037 4083 qum

284 4027 358 4152 sunt
378 4086 408 4152 in
431 4081 647 4156 celebratione,
678 4080 752 4148 ibid.
774 4107 850 4147 num.
870 4106 922 4163 44.
953 4080 1033 4148 verb.

1117 4026 1205 4088 quem
1227 4004 1371 4089 spectent?
1394 4005 1466 4068 ibid.
1476 4013 1613 4087 numdg.

1155 4086 1212 4152 Pro
1243 4107 1412 4169 unaquaque
1446 4089 1535 4154 Missa
1556 4088 1714 4160 manuali,
1744 4101 1810 4162 quae
1833 4083 1871 4154 fit

283 4168 374 4246 Mrffa
394 4181 449 4228 art.
473 4184 499 4227 2.
518 4159 573 4244 sub
594 4187 670 4226 num.
694 4186 722 4226 2.
742 4169 774 4229 in
793 4167 912 4248 respons.
931 4165 972 4227 ad
988 4168 1032 4248 se·
1110 4164 1301 4250 eleemosyna
1332 4169 1449 4241 inferior
1469 4170 1572 4234 tarel
1602 4169 1674 4234 ibid.
1700 4187 1779 4231 num·
1815 4171 1870 4246 64.

279 4252 423 4338 primum
445 4246 524 4308 verb.
546 4243 680 4316 Utenfilia
700 4271 775 4313 num·
790 4245 864 4313 md
874 4253 902 4312 6.

324 4328 477 4402 Sacerdos,
500 4323 679 4404 quiMissam
701 4325 822 4410 suscepit
836 4327 1032 4394 celebrandam

283 4433 350 4478 cum
373 4425 451 4474 certa
471 4404 677 4488 eleemosyna,
710 4429 768 4472 non
790 4413 881 4491 potell
900 4411 1039 4479 eamdent

285 4492 405 4558 Millam
427 4487 510 4554 alteri
539 4488 733 4554 celebrandam
755 4492 940 4555 committere
969 4509 1031 4571 par-

283 4585 315 4643 're
335 4573 458 4650 eiusdem
481 4569 666 4657 eleemosyna
686 4569 736 4634 sebi
757 4586 889 4650 retenta,
909 4569 1034 4643 ibid-ne.

1155 4329 1180 4390 F
1183 4345 1269 4394 ratres
1279 4330 1414 4395 Minores
1433 4333 1468 4398 de
1479 4327 1667 4398 Obseruantia
1684 4323 1809 4410 speciale
1817 4327 1869 4396 bs·

1114 4407 1183 4473 bent
1212 4408 1357 4474 indultum
1388 4411 1584 4496 eleemosynas
1626 4408 1784 4492 colligendi
1815 4427 1869 4492 pro

1114 4487 1186 4556 loris
1214 4489 1311 4556 Terrae
1332 4493 1465 4570 Sanslae,
1496 4497 1525 4558 ἃ
1556 4493 1706 4558 ordinarii
1736 4505 1873 4556 tenentur

1116 4572 1182 4638 illos
1213 4575 1415 4641 commendare
1448 4577 1476 4640 in
1511 4597 1566 4640 una
1598 4574 1719 4644 Diteceli
1748 4572 1784 4636 ad
1814 4569 1871 4630 mi·
1938 4643 1944 4650 ,

1775 4671 1831 4717 nus
