4100 5248
465 125 801 218 nurum
860 117 1579 226 nonnarurzunraf-
1666 161 1764 257 Ἣ·

261 247 312 314 An
332 241 580 310 adindueendatn
601 239 836 308 consuetudinem
853 241 988 314 instatur

218 328 416 396 Monarchito
437 343 511 409 opus
540 323 574 388 ht
605 321 743 402 sciencie,
774 325 805 389 bt
836 324 977 408 patientia

217 413 385 496 Principis,
406 406 480 478 ibide
502 428 578 470 nam·
589 425 640 482 41.
664 405 703 470 Φ
720 410 799 489 seqq.

259 494 412 655 Negansiv'a
434 487 652 572 warnier
671 488 777 572 opinio
785 533 801 567 ,.
814 485 888 554 ibid.
898 513 975 559 nem.

262 621 270 640 .
368 597 430 653 eq·
750 617 753 624 ,

216 597 286 724 45Si
308 598 495 732 unuquisque
511 651 689 716 nominatim
719 651 872 738 prohibeat
905 675 973 718 con·

218 740 399 807 suetudinem
423 735 474 804 ubi
502 733 699 808 contrariam,
737 753 802 803 rnre
832 755 906 820 opus
935 738 974 804 esl

219 821 363 896 scientie,
383 821 414 886 br
436 815 582 899 patientia
603 815 750 898 Principis
766 818 801 880 ad
823 819 972 886 consuetu·

179 943 193 960 a
218 904 317 969 dinem
339 897 549 974 inducendam,
571 895 647 972 ibid.
664 915 741 962 nem.
756 920 803 982 50·

257 987 331 1061 Qua
351 980 513 1067 patientia,
537 982 567 1044 δι
588 978 706 1046 soirutia
735 979 933 1062 prusesnitne,
956 983 974 1048 su

218 1065 394 1136 consuetudo
415 1063 500 1131 suerit
522 1062 787 1140 immemorabilis,
807 1059 848 1128 ib.
872 1090 901 1130 rr.
924 1085 972 1147 51.

177 1229 438 1302 CONTENTlQ
468 1225 539 1311 quid
560 1226 623 1292 siti
655 1227 738 1293 vide
771 1225 853 1294 verb.
885 1231 986 1294 Virtus

54 1331 144 1356 κ’*
217 1339 295 1380 num.
315 1315 365 1396 85.

177 1467 428 1554 CONTINENS
448 1471 560 1542 Mundi
580 1471 652 1556 quid
666 1471 682 1537 i
697 1461 776 1538 Vide
797 1471 985 1539 vesunuh·

217 1563 268 1627 dns
287 1584 365 1626 num.
377 1563 428 1640 87.

220 1685 232 1704 ⁶
278 1717 578 1822 conctactus.
595 1717 644 1782 tu
666 1681 868 1784 uenatu.

146 1863 353 1956 *Cornelius
373 1887 493 1971 proprie
506 1880 599 1948 ditias
617 1881 688 1964 quid
717 1881 772 1957 sir,
803 1880 835 1944 dr
865 1897 974 1964 quotum

217 1971 304 2116 pier,
326 1988 393 2034 com
416 1963 573 2052 respediiva
591 1964 728 2028 omniurn
749 1961 975 2028 enucleatione?

249 2054 298 2117 ide
316 2049 398 2119 verb·
416 2043 585 2114 cosrrn‘ius
602 2067 677 2108 nem.
703 2065 729 2109 r.
752 2044 792 2107 ad
818 2046 864 2109 18.

175 2133 351 2199 Contraiius
368 2134 482 2214 possunt
503 2125 602 2212 perfici
623 2146 753 2209 quatuor
784 2127 898 2201 modis,
922 2125 972 2189 lci-

215 2215 308 2292 iicet,
330 2235 383 2289 re,
413 2209 537 2284 verbio,
572 2207 713 2294 scriptis,
745 2208 780 2274 bt
816 2206 974 2286 consensu,

214 2297 290 2363 r‘br'd.
311 2318 388 2360 num.
404 2317 451 2374 ¹9·

256 2378 307 2442 Ad
328 2375 490 2440 contradus
510 2373 695 2440 validitatem
710 2370 972 2454 multatrequirun-

214 2475 263 2536 tet
284 2457 487 2520 conditiones.
520 2456 635 2530 Prima,
667 2455 793 2517 Mutuus
825 2453 971 2536 utriusque

215 2536 415 2602 contrahentis
436 2531 608 2606 consensus,
631 2533 705 2594 ibid.
727 2557 807 2596 num.
822 2553 875 2594 ao.

256 2617 403 2688 Secunda,
427 2633 460 2678 ut
480 2613 648 2676 contraditus
663 2611 713 2671 liat
735 2631 752 2672 a
774 2610 901 2690 personis
923 2629 972 2688 po·

217 2697 364 2770 tentibus,
387 2697 416 2756 br
438 2715 496 2758 non
520 2688 676 2771 prohibitis
697 2689 735 2753 de
768 2692 828 2762 iure
858 2707 975 2751 contra-

216 2777 304 2851 here,
324 2774 400 2838 ibid.
421 2798 497 2836 num.
510 2795 559 2836 ar.
574 2773 613 2836 Θ
625 2791 674 2834 22.

259 2855 458 2932 Disserentia,
494 2874 557 2938 qua
586 2853 666 2918 nulla
696 2852 735 2917 eli
772 2853 835 2926 jure
869 2866 980 2916 naturae

216 2940 345 3026 inspecin
366 2939 442 3002 inter
463 2937 604 3021 pastum,
624 2935 655 2997 dt
676 2932 877 3008 consuessem,
899 2931 972 2994 mul·

215 3041 249 3088 ta
278 3021 430 3090 intercedit
457 3022 494 3084 de
523 3023 584 3094 jure
616 3015 710 3082 Civili
745 3017 973 3090 Romanorum,

215 3106 293 3186 quod
315 3101 418 3168 deinde
438 3122 458 3166 a
476 3104 538 3175 jure
556 3099 709 3166 Canoniro
730 3097 759 3159 in
796 3096 851 3159 boc
875 3113 970 3160 muta·

216 3203 301 3251 tum.
324 3182 498 3250 Recensetur
516 3196 619 3246 nature
638 3178 814 3245 Contralius
835 3179 915 3242 bonae
937 3177 968 3240 fi-

215 3267 281 3344 dei,
303 3267 335 3332 &
357 3265 442 3329 siricii
464 3264 557 3339 juris,
576 3264 608 3328 bt
629 3263 709 3326 illius
734 3259 887 3326 divisionis
906 3257 970 3325 usus

215 3348 294 3414 hisce
315 3347 511 3430 temporibus,
535 3343 608 3410 r'br'd.
629 3367 706 3409 neon.
721 3363 772 3425 54.
792 3343 835 3406 Φ·
849 3344 929 3424 [sqq.

255 3428 474 3494 siliussamilias
522 3426 617 3491 adhuc
656 3425 792 3508 impubes
819 3426 854 3488 de
905 3423 969 3502 qui·

213 3510 389 3592 bustumque
410 3509 495 3574 bonis
515 3508 570 3574 suis
590 3507 680 3572 etiam
711 3525 780 3569 curn
810 3503 970 3580 consensu,

214 3595 246 3658 ur
277 3593 449 3658 audioritare
470 3593 565 3656 Patris
586 3589 627 3654 sui
658 3611 694 3653 er
726 3587 788 3651 ullo
813 3585 972 3652 contradio

1061 243 1370 388 Pupiliual’uperrarl?
1384 251 1535 333 prosimus
1551 297 1569 332 ,.
1588 269 1646 320 aut·
1669 257 1762 327 Pubtr
1782 257 1823 328 &z

1059 345 1156 392 muto
1186 347 1279 410 magus
1308 329 1505 401 Minotaurum
1538 337 1812 406 constiturorum

1057 405 1218 485 consenso,
1233 411 1265 474 ur
1287 412 1465 480 austeritate·
1488 417 1619 486 Tutoris,
1644 417 1820 501 obligatur„

1056 490 1299 591 pinatorum«,
1321 495 1351 558 dr
1372 494 1525 571 civiliter3
1554 501 1691 584 exceptis·
1713 521 1814 568 tamen

1056 572 1284 648 immobilibus,
1305 575 1337 639 lit
1377 577 1534 644 mobilibus
1554 586 1684 664 pretiosus
1701 629 1718 663 „
1750 608 1822 670 quar-

1056 654 1195 804 sgvando
1225 654 1337 722 servus.
1360 658 1500 744 possunt„
1524 661 1635 730 ibidem.
1659 691 1742 736 oum..
1760 670 1810 740 28⁸.

1074 755 1082 777 e
1099 770 1102 775 .
1120 759 1176 815 29.Ι
1858 801 1862 819 ἃ

1096 817 1246 904 Pupillus,
1278 818 1310 892 ἁ
1340 817 1534 889 Minorennir.
1555 827 1727 900 curatorem
1760 832 1809 896 ha-

1058 901 1128 966 bens
1149 921 1213 968 non·
1228 897 1376 1000 obligatur
1395 901 1525 969 civiliter
1545 927 1583 972 en,
1601 908 1669 972 ullo.
1696 929 1809 980 contra-

1056 983 1104 1081 piu
1125 982 1180 1050 sine
1200 982 1347 1059 Tutoris,
1375 1000 1432 1050 aut·
1457 985 1615 1053 curatoris
1639 990 1819 1062 aoslorirare-

1055 1081 1152 1142 mtto,
1174 1084 1243 1133 exce
1280 1066 1303 1131 is
1324 1066 1431 1131 eesrbus
1459 1068 1658 1151 quibusdam,
1688 1073 1722 1140 aa
1749 1073 1811 1138 alli·-

1054 1164 1205 1231 gnantcr,
1221 1152 1233 1211 r'
1252 1147 1294 1212 id.
1315 1171 1391 1212 nem.
1405 1171 1458 1233 30.
1476 1150 1506 1212 br
1531 1173 1585 1234 3¹·-

1094 1229 1253 1327 Quamtic
1268 1229 1421 1314 Pupillus„
1440 1227 1552 1309 Purher,
1584 1235 1636 1298 vel
1662 1235 1812 1305 i’ohertati

1058 1328 1235 1393 proxumus,
1252 1311 1447 1394 Minorennis.
1463 1312 1522 1382 line,
1544 1317 1673 1384 Tutoris
1687 1319 1810 1386 rudiori.

1059 1407 1121 1455 tate
1141 1392 1319 1457 contrahens
1333 1413 1394 1456 non·
1412 1393 1559 1479 obligetur
1567 1400 1713 1478 civiliter,
1734 1403 1809 1467 obli-

1057 1490 1142 1616 pator
1164 1490 1261 1537 tamen
1285 1474 1478 1551 naturaliter,
1497 1479 1558 1542 ive·
1584 1480 1614 1544 in
1646 1480 1715 1546 sore.
1741 1506 1810 1551 eurr·

1085 1553 1200 1629 ientiae,
1224 1555 1352 1637 exceptis
1373 1555 1478 1618 itidem.
1497 1559 1667 1640 quibusdam
1681 1566 1807 1644 taulus,

1055 1635 1107 1718 qui
1130 1635 1287 1700 innuuntur
1300 1680 1315 1713 „
1332 1636 1411 1700 ibid..
1430 1637 1569 1721 nemrs32.
1591 1641 1688 1726 acs35·.

1095 1717 1178 1779 Uxor
1199 1715 1260 1796 bne
1275 1715 1411 1781 consensu
1430 1719 1542 1784 Mariti·
1560 1743 1623 1788 non
1640 1727 1733 1806 potesl
1753 1745 1815 1793 van
1881 1754 1887 1766 ·

1053 1797 1112 1862 lide
1133 1797 1303 1862 contrahere
1322 1797 1357 1864 de
1378 1799 1461 1866 bonis
1474 1802 1642 1880 dotalibus,
1664 1812 1804 1891 quamdi·

1053 1876 1107 1943 sub
1125 1880 1264 1964 poteslate
1275 1880 1406 1960 Mariti,
1424 1903 1476 1945 uec
1486 1881 1655 1954 servoruum
1666 1907 1809 1970 quocum·

1057 1981 1131 2042 que,
1155 1978 1283 2045 excepto·
1307 1963 1387 2045 quod
1417 1962 1552 2030 Domino
1574 1977 1724 2050 pecuniam
1756 1992 1816 2056 pto,
1844 1969 1846 1974 ’

1057 2041 1192 2108 libertate
1202 2044 1412 2124 promitteret,
1434 2045 1589 2111 ibidrnvm,
1603 2053 1650 2132 36,
1663 2073 1709 2136 37»
1720 2054 1750 2117 bt
1762 2056 1811 2136 38.

1096 2125 1143 2188 Sic
1164 2125 1253 2189 etiam
1277 2126 1415 2209 Religiosr
1436 2126 1606 2195 solemniter·
1625 2131 1742 2202 Profisli
1762 2157 1809 2200 ne·

1057 2222 1171 2287 queunt
1192 2205 1288 2272 valide
1308 2209 1478 2276 contrahere
1508 2211 1567 2276 line-
1592 2213 1732 2284 consensu
1760 2217 1810 2280 Su·

1056 2288 1207 2372 periurior
1226 2283 1351 2374 &quid
1378 2289 1413 2356 tle
1443 2292 1673 2379 Superioribus,
1706 2295 1817 2363 ibidem

1051 2393 1199 2518 nusseitia
1230 2452 1364 2517 conditio
1391 2455 1527 2538 requifita-
1558 2457 1597 2520 ad
1626 2459 1809 2527 validitatem

1056 2531 1230 2597 Contralins
1251 2535 1291 2595 esi
1332 2551 1365 2609 ur
1387 2557 1455 2610 rec,
1485 2555 1549 2617 qoae
1581 2538 1634 2602 sub
1658 2545 1813 2610 contrasle
1856 2585 1864 2610 .

1055 2615 1152 2684 cadit,
1177 2631 1235 2698 non
1270 2631 1294 2674 rt
1312 2612 1411 2692 aliquo
1441 2619 1505 2690 jure
1533 2617 1683 2702 prohibita
1710 2623 1815 2688 adera

1056 2689 1107 2750 sub
1127 2687 1299 2781 contradic,
1319 2691 1365 2753 sed
1384 2714 1485 2758 revera
1512 2699 1725 2766 commercium
1746 2706 1812 2789 pari

1053 2787 1159 2851 queat,
1184 2766 1258 2829 ibid.
1279 2792 1417 2850 necapo-

1097 2851 1213 2928 Quarra
1230 2850 1366 2914 conditio
1383 2853 1442 2930 eil,
1461 2871 1496 2918 ut
1529 2857 1704 2927 Contrailus
1727 2841 1780 2930 ’cel
1802 2902 1809 2916 ·

1054 2933 1153 3029 bretun
1171 2938 1241 3016 tum
1264 2933 1483 3014 cognitione&
1505 2935 1609 3018 iibere,
1643 2943 1714 3008 ideli-
1746 2891 1811 3009 nui..

1054 3015 1099 3078 ius
1120 3035 1152 3076 un
1172 3015 1372 3080 conventione
1396 3014 1554 3085 intercedat
1585 3041 1687 3098 error,
1717 3046 1812 3106 neque

1053 3097 1124 3162 vis.
1148 3113 1240 3174 neque
1262 3113 1377 3174 metus,
1397 3117 1491 3180 neque
1510 3099 1613 3176 dolusr
1643 3103 1676 3168 δι
1700 3109 1808 3180 cunila

1052 3180 1139 3262 plene
1166 3175 1350 3254 reserantur,
1382 3199 1417 3241 ac
1446 3183 1612 3247 concretius
1639 3205 1806 3252 enumeran-

1053 3275 1121 3334 tur,
1142 3259 1173 3322 ὰ
1196 3257 1414 3343 specificantur,
1433 3263 1620 3342 quitatione
1639 3285 1807 3354 metnsgra-

1052 3342 1102 3405 vis
1119 3339 1204 3417 sunt,
1227 3343 1275 3405 eei
1298 3341 1359 3423 ipso
1379 3345 1444 3416 iure
1464 3344 1605 3422 invalidi,
1628 3348 1676 3414 vel
1691 3349 1806 3416 irritan-

1052 3423 1105 3497 di,
1125 3422 1198 3487 ibid.
1220 3423 1407 3502 nemr4t.rd
1419 3446 1466 3506 50.
1787 3419 1793 3436 ⁸

1051 3585 1075 3645 Γ
1093 3503 1258 3666 Cptrigptur
1279 3525 1416 3588 rrum-43.
1439 3507 1562 3574 Aciior.
1584 3506 1658 3574 ibid.
1688 3515 1719 3575 r'n
1741 3537 1809 3578 nora

1063 3603 1100 3650 lfa
1145 3610 1180 3648 le

214 3674 362 3758 obligatur
382 3673 510 3740 civiliter
523 3697 537 3747 ;
559 3671 629 3736 bene
649 3668 856 3752 veropnpiilus
877 3667 972 3730 adbuc
1012 3665 1190 3731 Contrailuc
1217 3666 1311 3751 vulgo
1346 3666 1440 3731 dinus
1469 3672 1555 3734 trium
1590 3672 1811 3754 consensissem,

214 3756 348 3841 impubes
368 3754 540 3821 suffioritate
568 3751 694 3818 Tutoris
718 3749 907 3824 contrahens,
930 3749 974 3811 r'b.

214 3838 493 3985 nuiilirissaffiilia?
521 3916 615 3981 Pubes
653 3933 716 4011 non
743 3908 838 3995 poteli
875 3907 974 3974 valide

215 4002 385 4068 contrahere
406 4002 462 4065 sune
481 3997 616 4063 consensu
637 3997 732 4061 Patres
753 3995 789 4057 de
856 3989 900 4055 nir
920 3991 968 4052 ad·

215 4085 368 4161 ventitiis,
390 4082 422 4147 dt
442 4079 637 4165 proludiiriis5
658 4101 673 4142 e
694 4092 795 4140 contra
814 4095 832 4138 a
865 4091 911 4137 em
932 4071 969 4138 de

216 4166 426 4242 ceslrensrbue,
456 4164 489 4228 dt
517 4161 598 4246 quasi
624 4157 833 4235 caslrenhhoo,
861 4154 973 4219 ibidem

216 4269 351 4328 κως.
377 4248 416 4312 (⁹³
440 4249 492 4309 ab.

257 4330 410 4410 Pupillus,
430 4329 460 4392 dt
482 4325 675 4392 Minorcnnis
693 4319 794 4388 valide
822 4316 975 4386 contrahit

216 4407 246 4472 in
270 4407 349 4473 suum
371 4410 560 4474 commodum
572 4405 729 4492 obligando
743 4405 886 4477 alterum,
910 4420 967 4470 non

214 4509 313 4555 tamen
335 4491 366 4553 in
386 4491 468 4558 suurn
490 4493 709 4556 incommodum
728 4482 920 4566 -obbtigrndo
943 4481 974 4548 se

215 4572 300 4638 elteri
323 4569 379 4636 line
397 4573 570 4641 audiuntne
589 4570 736 4650 Tutoris,
767 4567 813 4636 seu
842 4567 970 4631 Curato·

214 4650 527 4801 ¹³⁸iibid‘xm'²⁷‘

233 4749 236 4756 '
285 4755 349 4802 eru.
400 4776 414 4800 .

1051 3769 1091 3842 an
1111 3749 1145 3812 srt
1166 3747 1286 3823 licitus,
1313 3751 1365 3813 vel
1394 3747 1536 3827 illicitus,
1565 3749 1614 3830 seu
1646 3753 1810 3835 usurarius,
1841 3751 1853 3762 “

1052 3829 1130 3894 the
1152 3829 1236 3896 verb·
1254 3831 1377 3894 societis
1393 3855 1414 3893 rr
1432 3853 1511 3894 nem.
1526 3856 1554 3915 3.
1576 3834 1615 3894 ad
1639 3856 1685 3898 ro.

1116 4011 1674 4104 'concursurum

1080 4220 1239 4306 <turicum
1263 4229 1295 4294 dt
1314 4229 1503 4296 Ecclesiastici
1538 4248 1604 4300 tam
1633 4235 1807 4324 Saeculares,

1052 4317 1118 4378 tirnr
1139 4311 1315 4394 Regularer,
1335 4311 1400 4377 sunt
1430 4315 1577 4380 immunes
1604 4318 1644 4382 ab
1669 4326 1808 4390 omnibus

1050 4393 1317 4459 contributionibus
1327 4395 1377 4472 ,bt
1391 4397 1806 4483 exailienibnsaquibuscum-

1052 4495 1109 4558 que
1132 4475 1226 4538 Laicis
1246 4475 1415 4560 imposrtis3
1446 4479 1532 4562 idque
1562 4479 1710 4560 erigentes
1738 4487 1807 4565 qui-

1052 4577 1177 4640 cumque
1198 4557 1251 4620 srnr
1272 4557 1336 4642 ipso
1365 4557 1441 4622 salio
1471 4559 1806 4630 excommunicationem

1049 4642 1191 4718 majorem
1222 4639 1313 4726 Paper«
1334 4638 1505 4708 reservatam
1549 4642 1731 4705 incurrunt:
1772 4650 1805 4720 &a

1332 4721 1362 4784 T
1403 4742 1420 4802 ς
1670 4723 1763 4796 eriam
