4100 5248
467 87 1532 194 R'ERUMuoTABILIUM.

185 209 403 281 Damnisicotio
424 234 484 282 non
508 213 619 278 lucrosa
639 212 780 277 dividitur
802 215 831 274 in
860 215 987 297 inculpa-

230 315 315 376 tam,
337 297 539 380 &culpatam
561 295 646 374 culpa
656 293 701 358 vel
713 295 915 374 Theologira‚
939 297 1008 364 vel.

228 379 329 444 civili
351 397 485 442 tantum.
507 375 634 452 Quasrt
656 375 858 442 damnificatio
871 379 991 461 culpata.

224 461 277 528 cul
303 486 320 528 a
340 459 542 541 Theologirai
563 458 635 520 ibid.
647 481 722 522 num.
735 481 764 541 3.

273 483 321 609 lix
343 541 583 624 damnificatione
600 539 717 620 culpata
750 540 835 623 culpa
855 541 987 606 Theolo-

229 621 577 774 ib.²..t:s¹.l‘·⁰l'.¹³÷:sl?
586 621 987 785 stlizltllrbffilill

233 793 273 854 tit
293 788 530 852 contestationem
552 785 760 852 transmittitur
791 789 826 850 ad
848 786 985 863 heredem

232 869 305 936 ibid.
315 894 391 934 num.
401 891 432 948 4.
442 868 483 933 Θ
496 890 523 950 5.

274 951 356 1030 Quid
376 951 411 1016 srt
430 949 629 1030 damnificatio
650 949 769 1033 culpata
798 949 883 1036 culpa
904 949 986 1015 Civi-

232 1033 275 1110 li,
299 1033 345 1100 uel
368 1031 491 1116 politica
511 1050 646 1108 tantum,
666 1033 790 1116 quidex
813 1051 867 1107 ea,
886 1032 988 1112 &quae

235 1113 435 1181 damnificario
457 1115 631 1198 inculpata,
666 1115 696 1178 bt
718 1113 834 1195 quando
856 1113 986 1178 dicatur?

234 1196 307 1263 ibide
328 1223 404 1262 nmo
425 1201 454 1262 6·
475 1198 514 1259 (dd
535 1221 565 1277 9·
798 1197 804 1202 μ
840 1249 845 1256 .

278 1281 313 1344 in
334 1281 397 1346 soro
415 1278 609 1344 Conscientiae
629 1293 744 1342 tenetur
757 1276 829 1358 quis
850 1277 884 1339 ad
907 1281 986 1357 repa·

224 1363 355 1444 randum
377 1362 517 1426 damnum
538 1361 621 1426 alteri
644 1360 760 1422 illatum
779 1402 789 1432 ,
811 1358 916 1422 nedum
938 1376 989 1438 per

235 1443 502 1508 damnificationem
532 1442 682 1524 culpatam
713 1440 799 1521 culpa
827 1438 988 1519 Theologi-

234 1547 286 1600 ca,
308 1525 356 1591 sed
375 1528 414 1592 et'
436 1547 465 1586 m
510 1545 539 1586 er
560 1520 828 1585 damnificatiunem
840 1520 988 1604 culpatam

130 1609 132 1612 ’
233 1607 321 1685 culpa
340 1607 412 1672 Civr
426 1605 456 1684 i,
479 1545 525 1670 du
548 1603 674 1675 luridica
695 1600 772 1676 lata,
795 1600 867 1664 ibid.
880 1627 926 1665 nu.
941 1621 988 1664 ro.

276 1689 381 1752 Nemo
417 1683 654 1768 (proscindendo
685 1705 703 1745 a
733 1685 918 1761 Contrebiu)
948 1699 990 1746 te·

235 1785 322 1834 netur
335 1841 338 1848 ‚
353 1768 384 1830 in
405 1764 592 1832 Conscientia
611 1781 680 1829 ante
709 1763 888 1830 sententiam.
910 1764 924 1835 J
930 1763 1001 1826 udi-s

235 1850 278 1916 cis
308 1851 343 1913 ad
366 1847 572 1914 resarciendum
595 1847 734 1908 damnum
753 1847 839 1911 alteri
874 1848 880 1861 ’
907 1863 990 1910 atum

274 1953 287 1995 r
308 1929 575 1996 damnificationem
590 1925 738 2002 Civilem,
761 1926 815 1994 seu·
830 1928 911 2002 Jotid
942 1949 990 1989 am

248 2013 350 2156 olurtp⁹
365 2012 487 2089 leuem,
518 2013 548 2074 δι
571 2007 777 2084 leuisbmam3
807 2009 881 2074 ibid.
916 2032 993 2073 num.

237 2115 286 2158 rr.
375 2113 422 2154 ra.

1113 219 1121 234 ‚
1260 215 1296 232 „
1328 217 1335 232 ,
1464 218 1471 234 ,
1677 137 1787 222 ²99-

1069 217 1168 280 taliter
1190 218 1306 291 Coniux
1328 215 1399 292 rlle,
1421 237 1472 300 qur
1494 219 1530 284 ad
1551 217 1723 289 reddendum
1746 225 1824 294 debi-

1068 315 1133 361 tum
1156 297 1248 362 reddit
1270 297 1297 364 se
1319 299 1488 364 notabiliter
1510 303 1826 386 impotentemimrrro·

1070 379 1175 444 deratlr
1195 380 1310 455 jeiuniis
1332 381 1390 446 ore.
1410 380 1481 444 ibid.
1491 407 1566 446 num.
1600 430 1608 450 .

1110 463 1181 524 Non
1203 477 1302 542 peccat
1323 462 1441 536 Coniux
1463 465 1591 548 Coniugr
1614 467 1753 535 Debitum
1786 467 1841 537 sev

1069 542 1138 606 mel
1151 561 1286 616 rantum,
1310 543 1341 604 br
1361 544 1472 621 obiter,
1486 545 1542 610 'ires
1564 551 1603 611 im
1629 551 1709 617 licite
1726 566 1825 636 peteo·

1068 627 1093 686 ti
1118 625 1240 688 modelle
1261 624 1445 705 denegando,
1470 569 1706 709 tergiverdndo,
1730 633 1756 698 se
1777 655 1825 698 err·

1069 705 1218 780 cusrodo,
1243 725 1355 789 prece,
1378 705 1425 769 vel
1448 705 1526 771 suasu
1546 716 1704 778 avertendo
1726 733 1825 798 peten-

1069 805 1147 862 tem,
1170 787 1190 849 sr
1211 787 1241 849 id
1262 805 1320 849 non
1344 783 1428 850 valde
1449 807 1521 870 aegre
1543 790 1651 858 laturus
1671 796 1823 874 videatur,

1070 869 1101 932 br
1122 867 1227 1015 agsque
1245 866 1461 934 incontinentia
1484 871 1642 953 periculo,
1664 875 1825 942 ibidnum.

1100 1033 1160 1100 ,Ad
1183 1030 1425 1114 dignoscendum,
1446 1036 1524 1116 quod
1546 1037 1664 1114 Coniux
1686 1037 1758 1106 serio
1778 1043 1824 1109 de·
1942 1105 1947 1112 .

1069 1113 1165 1178 bitum
1195 1115 1358 1259 Coojrppale
1381 1133 1489 1198 petat,
1523 1139 1579 1182 non
1603 1123 1642 1184 esi
1677 1123 1827 1188 necessaria

1069 1197 1175 1278 petitio
1196 1216 1339 1285 expre‘a,
1364 1199 1394 1260 br
1415 1196 1563 1275 formalis,
1587 1200 1632 1267 sed
1656 1203 1760 1270 sufficit
1782 1222 1824 1271 ta·

1068 1277 1129 1342 cita
1149 1279 1302 1354 virtuale,
1319 1279 1356 1341 ‘a
1379 1279 1618 1364 interpretativa,
1639 1305 1703 1368 que
1725 1287 1835 1361 lrabea-¹

1069 1374 1118 1422 tur
1138 1379 1155 1422 a
1178 1359 1261 1440 ignis
1282 1359 1479 1426 indicantibus
1509 1363 1610 1428 seriam
1642 1366 1826 1434 voluntatem

1071 1439 1206 1522 petendi,
1228 1439 1301 1501 ibid.
1321 1463 1397 1503 num.
1421 1446 1450 1505 6.
1473 1465 1502 1523 7.
1516 1445 1564 1512 ‘db
1586 1447 1615 1508 8.

1116 1519 1231 1583 Dantur
1251 1520 1346 1602 plures
1366 1521 1474 1596 iuslae,
1506 1525 1536 1585 br
1557 1527 1742 1594 rationabiles
1762 1553 1827 1597 cau·

1073 1598 1125 1677 so,
1147 1597 1250 1683 q'uibus
1272 1601 1532 1667 intervenientibus
1552 1609 1644 1690 potesi
1665 1609 1747 1674 licite
1781 1616 1827 1678 de·
1946 1601 1949 1613 Α

1073 1683 1167 1748 bitum
1189 1683 1346 1764 denegari5
1367 1683 1398 1746 br
1418 1683 1614 1766 assignantur,
1637 1709 1669 1753 ac
1683 1693 1827 1776 explican-

1075 1781 1123 1828 tur
1143 1763 1277 1846 srngulae,
1300 1764 1461 1829 ibidum.
1473 1769 1611 1846 obdab.
1679 1785 1681 1794 '
1799 1760 1809 1796 ²

1115 1843 1306 1928 Affignanrur
1338 1847 1434 1930 plures
1464 1848 1576 1926 causa,
1609 1845 1730 1936 propter
1758 1877 1830 1940 quat

1077 1945 1136 1988 oon
1157 1925 1270 2009 possunt
1291 1929 1438 2014 Coniuges
1458 1930 1587 1995 debitum
1610 1934 1764 2020 denegare,
1788 1937 1829 2003 ib.

1076 2030 1153 2072 num.
1168 2009 1325 2088 27.ad24.
1504 2045 1509 2052 ·
1928 2032 1930 2034 ’

1118 2089 1256 2155 Auctoris
1278 2090 1419 2157 sententia
1438 2083 1624 2176 emendatur,
1648 2096 1719 2162 ibid.
1732 2105 1761 2164 in
1774 2119 1830 2166 nor.
1932 2089 1940 2116 '

276 2174 377 2237 Nemo
408 2173 644 2256 (proscindendo
674 2149 908 2254 a'Contradru)
949 2189 991 2236 te·
1073 2171 1369 2253 nwrffiadnumqa.
1811 2245 1813 2256 Ι

233 2271 320 2322 netur
350 2257 378 2317 in
403 2254 589 2322 Conscientia
620 2271 687 2318 ante
709 2252 881 2322 sententiam
912 2255 992 2326 Iudi·
1035 2251 1174 2316 Debitum
1197 2255 1348 2338 coniugale
1370 2253 1450 2320 licite
1472 2257 1599 2339 petitur,
1622 2259 1652 2322 br
1674 2264 1829 2344 redditur,

234 2339 278 2403 cie
307 2337 343 2400 ad
364 2335 570 2402 resarciendum
591 2336 732 2400 damnum
761 2338 845 2402 alteri
876 2336 992 2401 illatum

130 2442 135 2452 ·
236 2438 288 2500 per
307 2416 577 2484 damnificationem
592 2419 741 2492 Civilem,
765 2417 811 2480 seu
832 2419 991 2491 iuridicam

240 2498 331 2560 solum
355 2499 470 2574 levem,
491 2499 522 2560 br
543 2495 739 2568 levissimam
759 2498 834 2561 ibid.
853 2523 929 2562 num.
946 2521 1003 2563 rr.·

197 2669 198 2674 ¹
242 2578 436 2739 biii...
456 2657 516 2718 rou
535 2701 545 2734 ,
566 2615 722 2734 reu'cntpae
742 2651 929 2733 rreorogrcae
964 2653 995 2717 n.

1074 2335 1187 2399 etiamst
1218 2336 1323 2401 mulier
1348 2336 1384 2400 fit
1408 2337 1541 2417 laetans,
1579 2341 1625 2405 vel
1659 2362 1832 2432 prognem

1074 2417 1235 2494 dummodo
1265 2419 1336 2482 absrt
1368 2421 1528 2501 periculum
1559 2423 1677 2489 abortus
1705 2473 1714 2505 ,
1755 2429 1831 2494 ibid.

1076 2522 1153 2560 rrum.
1178 2521 1227 2578 35.
1250 2502 1290 2562 (b
1315 2503 1381 2577 3b.·
1520 2559 1524 2570 ,
1643 2503 1645 2508 ’

1117 2580 1257 2647 Petrum,
1279 2579 1489 2662 sacrorumque
1504 2583 1657 2645 Canonum
1677 2588 1831 2660 audierita·

1078 2670 1107 2715 te
1131 2654 1267 2715 Austoris
1294 2656 1397 2735 opinio
1418 2659 1585 2736 refellitur,
1615 2663 1686 2730 ibid.
1717 2674 1748 2732 ire
1777 2693 1834 2736 nor.

242 2737 328 2800 nullo
356 2738 436 2799 Foro
458 2753 591 2800 tenemur
620 2735 659 2798 ad
674 2732 885 2798 resarciendum
916 2735 994 2798 dam·
1077 2733 1516 2821 nuviffiadnum.35.&seqq.

239 2839 332 2895 oum,
370 2837 421 2881 ner
442 2817 493 2897 qui
515 2816 704 2882 adhibuerunt
726 2815 854 2884 debitam
875 2815 994 2898 diligen·
1040 2815 1178 2882 Debitum
1202 2833 1299 2896 perere
1320 2817 1390 2878 duro
1412 2820 1517 2884 mulier
1536 2824 1575 2886 eli
1595 2844 1760 2911 puerpera,
1783 2855 1834 2919 pir

123 2917 141 2982 f
243 2901 316 2965 tiam
339 2919 392 2983 pro
416 2899 468 2962 illo
489 2899 666 2973 avertendo,
690 2917 741 2962 nec
761 2899 813 2979 qui
836 2896 907 2960 illud
930 2919 995 2960 cau·

115 3027 117 3034 ,
206 2981 213 3010 '
242 2982 339 3046 sarunt
361 2981 468 3044 urendo
489 2983 548 3054 iure
568 2979 637 3054 suo,
661 2999 712 3042 nec
735 2980 754 3040 fi
775 3001 810 3042 ex
825 2976 995 3043 casuomni·

243 3085 282 3140 no
303 3061 428 3127 iortuito
446 3107 456 3137 ‚
477 3063 529 3146 qui
549 3061 698 3147 provideri
719 3104 727 3136 ,
761 3061 791 3126 br
811 3061 916 3126 evitari
937 3081 996 3124 non

241 3146 361 3229 potuit,
384 3142 456 3207 ibid.
467 3167 543 3208 num.
563 3168 609 3223 η.
623 3145 663 3206 ad
675 3146 721 3206 rb.

953 3202 957 3214 ,
1080 3161 1154 3204 nuuc
1176 3141 1275 3204 finon
1300 3145 1440 3221 mortale,
1463 3148 1501 3210 esl
1521 3151 1559 3212 ad
1580 3152 1830 3240 minusgraveva.

1079 2897 1105 2960 se
1127 2895 1271 2978 loquendo
1302 2917 1358 2960 uon
1382 2899 1433 2962 nisr
1456 2901 1569 2968 veniale
1590 2907 1641 2970 esse
1671 2910 1768 2992 solet,
1802 2921 1834 2980 br

1079 2997 1143 3044 cum
1168 2978 1367 3054 menslruata,
1402 3000 1500 3064 perere
1521 2985 1685 3056 &reddere
1707 2993 1737 3056 in
1772 2995 1834 3142 lepp

1078 3061 1169 3125 veteri
1193 3059 1242 3124 sub
1263 3080 1349 3144 poena
1378 3064 1498 3146 capitali
1533 3067 1770 3154 prohibebatur,

285 3226 328 3288 De
349 3227 458 3288 damno
486 3247 523 3289 ao
545 3225 627 3290 rebus
658 3221 759 3288 alienis
781 3221 861 3288 licite
898 3223 997 3290 inserti
1077 3223 1179 3306 niale,
1201 3221 1273 3287 ibid.
1285 3249 1360 3288 num.
1373 3247 1420 3304 37.
1432 3227 1544 3310 ad39.

242 3308 415 3390 quandoque
437 3305 541 3388 polilt,
563 3307 645 3374 utilis
666 3307 703 3372 esl
726 3305 1015 3450 mmmmm&
1040 3304 1180 3370 Debitum
1211 3307 1362 3388 coniugale
1382 3308 1463 3372 licite
1485 3309 1622 3392 petitur,
1655 3316 1835 3400 &redditur

243 3412 322 3452 num.
337 3410 383 3469 ¹7·
400 3409 445 3468 17.

199 3551 410 3627 DEBITOR,
434 3549 657 3616 DEBITUM.
679 3551 755 3618 Vide
777 3550 855 3618 verb.
878 3548 997 3630 trebiri·

214 3659 220 3676 .
244 3637 301 3710 riu,
323 3635 449 3710 solario,
469 3653 519 3717 per
539 3653 589 3697 ror.
836 3651 842 3714 l,

362 3794 563 3862 orrorruur
583 3793 840 3870 couruonur
861 3749 864 3752 ¹

328 3961 455 4041 Quando
474 3959 581 4046 poffit,
603 3961 635 4024 be
649 3957 756 4025 'debeat
778 3955 875 4031 reddi,

529 4043 577 4109 vel
597 4039 678 4106 noni

285 4207 407 4306 Conium
426 4221 543 4307 tenetur
560 4204 611 4304 sub
633 4202 765 4302 mortali·
781 4199 894 4299 reddere
922 4195 1000 4264 debs»

246 4301 473 4510 punam
490 4285 745 4452 turritan.
767 4283 1001 4436 nullu

270 4467 289 4509 a
318 4448 350 4510 br
378 4453 560 4518 rationabilis
580 4449 679 4516 causa.
703 4449 778 4514 Vide
799 4448 879 4511 verb.
915 4443 1002 4508 Debi-

243 4545 309 4594 ιω
328 4533 481 4615 coniugale
501 4553 555 4599 m.
582 4555 608 4599 r.
629 4556 706 4600 num.
731 4551 758 4594 r.
781 4531 819 4594 (t
843 4551 871 4591 2.

137 4668 142 4679 ,
184 4627 187 4632 ·
286 4609 395 4680 Pereat
416 4631 518 4687 contra
534 4617 679 4698 iustitiam
695 4636 733 4684 ea
752 4608 1003 4708 generesuomor.

299 4785 342 4848 st·

1042 3414 1047 3423 ¹
1079 3388 1170 3451 etiam
1193 3407 1250 3450 oon
1273 3387 1386 3452 servato
1407 3391 1507 3455 debito
1527 3397 1737 3462 concumbendi
1772 3425 1833 3467 mo-

1078 3468 1135 3543 do,
1158 3486 1207 3531 aut
1230 3468 1300 3544 fitu,
1322 3470 1483 3534 dummodo
1503 3471 1831 3619 siat‘propteraliquam

1080 3551 1181 3627 iussam
1202 3594 1210 3624 ,
1231 3550 1260 3611 be
1283 3553 1486 3618 rationabilem
1508 3577 1560 3618 cau
1593 3579 1640 3635 rn,
1676 3563 1761 3627 aliter
1783 3566 1834 3630 sal-

1078 3649 1139 3778 tam
1163 3630 1318 3702 venialiter
1337 3653 1497 3718 peccatur,
1520 3634 1593 3700 ibid.
1616 3644 1691 3705 ium.
1713 3665 1763 3724 40.
1785 3668 1837 3728 4r.

1143 3736 1194 3786 ⁴2·

1123 3796 1300 3874 Coniuges,
1333 3799 1385 3878 qui
1417 3799 1494 3861 mala
1516 3797 1600 3874 fide,
1634 3803 1679 3870 seu
1700 3809 1781 3874 dubii
1802 3813 1837 3876 de

1083 3876 1182 3941 valore
1202 3876 1394 3941 Matrimonii
1416 3897 1651 3961 contrareront,
1685 3909 1742 3953 non
1772 3893 1837 3977 pos·

1082 3955 1148 4020 sunt
1167 3958 1257 4019 stante
1279 3955 1332 4021 illo
1351 3961 1440 4024 dubio
1462 3983 1513 4026 nec
1534 3983 1656 4045 perere,
1693 3991 1745 4038 nec
1776 3977 1836 4039 red.

1082 4037 1148 4134 dere
1169 4037 1328 4115 debiturn,
1361 4040 1393 4103 bt
1413 4043 1483 4124 quid
1505 4042 1524 4106 sr
1546 4065 1616 4110 unus
1637 4066 1754 4117 tanturn
1785 4056 1837 4122 du·

1083 4119 1168 4198 brut,
1190 4137 1241 4183 aut
1263 4122 1322 4194 iarn
1344 4121 1420 4185 bona
1442 4123 1497 4187 sile
1513 4128 1835 4203 contrailoMatrimo·

1083 4201 1140 4264 oio
1163 4201 1199 4265 de
1228 4200 1327 4266 valore
1352 4203 1479 4270 ”dubium
1516 4207 1725 4294 superveuiat,
1760 4219 1836 4285 ibid.

1084 4281 1332 4364 m043eld501
1472 4359 1476 4372 1

1125 4363 1156 4425 Si
1177 4365 1295 4437 Coniux
1315 4384 1371 4449 pro
1391 4383 1472 4434 cetto
1492 4371 1647 4454 cognoscat
1670 4375 1836 4442 invalidita

1084 4461 1145 4509 tem
1160 4445 1371 4526 Matrimonii,
1392 4471 1428 4516 eo
1448 4453 1526 4534 quod
1547 4453 1746 4518 indubitanter
1767 4458 1838 4526 sciat

1084 4525 1188 4593 subesse
1220 4528 1461 4611 impedimentum
1500 4535 1665 4609 dirimens,
1697 4543 1836 4620 quamvis
1917 4595 1924 4606 .

1070 4603 1285 4702 ,boein‘sacie
1302 4610 1435 4681 Ecclefia
1453 4614 1575 4723 probare
1592 4633 1719 4698 nequeat
1737 4665 1746 4694 ,
1778 4641 1835 4690 non

1702 4695 1797 4767 solum
