4100 5248
283 137 367 226 affl

262 271 333 314 num
348 238 482 388 idipsum
513 240 646 306 obtineat
664 237 708 299 in.
732 234 861 300 Perocho
892 233 1018 316 primiti-

265 349 323 402 vo,
346 325 390 389 ibi
410 368 418 388 .
441 347 517 388 nunt.
537 347 586 404 51.

312 409 412 480 Atia,
438 407 515 470 Vide
546 403 626 470 verb.
657 403 782 465 vicarius
803 397 975 471 Parorbiasr's
1002 423 1020 460 a

212 563 214 566 .
270 518 298 554 n·
323 512 349 572 ς.
372 489 410 554 ad
432 508 480 568 54.

346 651 591 748 cordium,
624 641 883 720 CONJUGIUM
893 687 901 707 .

231 820 381 900 'Coniuges
401 813 452 899 qui
474 813 628 889 dicantur,
661 812 692 876 δι
713 805 947 872 Matrimonium
976 827 1027 869 cur

274 895 478 982 Coniugium?
510 897 589 960 Vide
616 893 699 962 verb.
724 893 887 974 Coniuges,
920 891 1027 973 Conin-

271 986 355 1064 ,giam
378 1006 407 1043 n.
433 1001 445 1042 1
472 977 511 1062 Φ
535 999 565 1042 2.

308 1063 375 1127 rPosl
397 1059 598 1134 eontrarium,
634 1058 664 1120 dt
687 1053 814 1119 nondum
838 1050 1018 1116 consumma·

271 1164 334 1211 tum
358 1141 590 1205 Matrimonium
612 1137 699 1201 habet
720 1154 838 1216 uterque
848 1133 965 1207 Coniux
977 1133 1020 1196 bi-

268 1227 373 1290 meslre
394 1222 684 1295 red-deliberandum,
705 1239 741 1281 an
760 1217 790 1278 in
801 1217 950 1358 Coniugio
961 1236 1022 1278 ma·

273 1329 360 1382 nere,
392 1304 438 1368 vel
460 1303 495 1367 ad
516 1302 702 1384 Religionem
724 1297 842 1362 transtre
864 1320 899 1360 ve
913 1295 958 1361 it?
990 1317 1023 1360 ae

270 1391 352 1451 intra
373 1385 431 1450 tale
453 1402 567 1466 tempus
590 1383 669 1446 licite
691 1383 822 1466 petitur,
845 1377 966 1443 &licite
977 1399 1022 1442 ne·

268 1488 359 1552 garur
380 1468 532 1548 coniugale
553 1467 703 1539 debitum,
725 1460 798 1526 ibid.
820 1483 894 1523 num.
924 1485 952 1544 3.
984 1459 1023 1528 (9⁸

270 1573 301 1630 4.
324 1550 362 1613 (θ’
383 1573 457 1612 nunt.
477 1549 532 1626 87.

264 1669 266 1674 ·
309 1633 341 1698 Si
357 1629 524 1694 iutradidl.
548 1629 680 1694 bimellre
702 1624 748 1692 vel
770 1623 807 1688 ab
829 1644 916 1689 uxore
944 1622 1019 1687 invi·

264 1732 300 1779 ta
320 1711 455 1795 copulam
480 1712 511 1776 vi
532 1711 684 1782 obtineat,
707 1707 798 1791 potesl
820 1707 903 1772 Utor
924 1703 1017 1768 adhuc

265 1796 378 1878 ingredi
404 1793 468 1860 Reli
491 1791 587 1855 ionem
611 1789 710 1853 saltem
734 1789 762 1851 in
785 1787 867 1864 casu,
889 1785 1019 1884 quoipsa

269 1879 335 1944 viro
358 1877 419 1941 vim
444 1815 545 1943 inierre
567 1871 672 1936 nitenti
693 1869 863 1952 excipiendo
899 1865 1017 1931 mamse-

268 1960 354 2024 slavit
376 1954 402 2021 se
424 1957 499 2020 velle
530 1955 638 2037 ingredi
661 1953 864 2035 Religionem,
894 1968 943 2014 aut
964 1951 1018 2012 cir·

255 2062 303 2104 rea
324 2040 380 2103 lroc
403 2038 529 2102 nundum
553 2037 636 2121 plene
657 2033 836 2107 deliberasse,
860 2032 967 2096 ibidus.
989 2053 1016 2112 ς.

310 2122 339 2182 Sl
362 2119 437 2184 ulttu
458 2120 589 2184 bimellre
622 2134 758 2182 maneant
780 2116 927 2197 Coniuges
962 2114 1017 2176 fine

264 2201 519 2268 *consummatione
542 2200 751 2271 Matrimonii,
784 2198 876 2278 potesl
898 2213 1016 2276 uterque

267 2286 355 2350 etiam
381 2282 473 2347 altero
495 2285 593 2346 invito
615 2280 725 2362 semper
758 2277 940 2358 Religionem
974 2279 1015 2337 itt·

267 2366 371 2447 gredi‚·
392 2361 679 2427 etiamsrillicitestbi
701 2357 831 2424 debitum
855 2358 1016 2442 negassent,

263 2446 430 2510 ibidum,
453 2449 480 2508 6.
502 2447 539 2508 (9
562 2466 591 2525 7.
766 2455 771 2460 ’

171 2548 179 2562 “
311 2527 372 2592 l‘osl
401 2527 472 2591 diu.
493 2529 625 2590 bimeslre
656 2522 906 2598 teneturConiux
936 2521 1012 2587 debi-

263 2627 329 2678 tttm
352 2607 464 2676 reddere
485 2609 593 2685 alteri,
615 2607 646 2672 δι
666 2607 702 2674 ad
725 2609 753 2670 id
775 2603 911 2688 compelli
942 2605 1014 2668 orell

262 2695 354 2758 etiam
379 2692 428 2756 sub
449 2713 535 2776 prena
549 2689 895 2763 Excommunicationls,
918 2625 941 2749 si
959 2688 1014 2750 Re·

265 2774 407 2858 ligionem
430 2796 489 2838 nort
519 2773 715 2855 ingrediatur,
748 2792 836 2854 quarn
871 2773 1016 2845 incurret,

257 2858 287 2924 .sr
311 2859 385 2922 intra
407 2873 521 2934 temous
543 2856 592 2918 sui
614 2877 631 2918 a
651 2857 750 2928 indice
786 2849 931 2936 prefixum
955 2869 1012 2912 non

265 2954 386 3022 pareat,·
415 2939 525 3006 valeret
548 2935 761 3002 tamenniltilo
785 2935 872 3000 secius
902 2931 1014 2997 etiamst

261 3023 321 3102 poll
345 3021 401 3085 tale
436 3039 550 3103 tempus
582 3019 765 3098 Religionem
798 3017 1008 3099 ingrederetur,

256 3103 291 3166 dt
313 3101 513 3184 profiteretur,
538 3123 571 3164 ac
593 3101 679 3162 aliter
701 3099 774 3163 liber
796 3114 945 3174 maneret,
967 3094 1008 3160 ib.

253 3207 331 3249 reum,
344 3185 414 3261 8..'9.
430 3203 476 3244 to.
493 3181 531 3245 Θ
546 3203 592 3244 ιι.

300 3265 329 3326 Α
352 3284 411 3344 quo
434 3280 566 3346 tempore
587 3260 663 3341 parti
684 3259 799 3325 volenti
819 3257 1004 3337 Religionem

255 3345 368 3492 icggredi
397 3363 495 3441 curra-t
528 3341 659 3406 bimeslre
691 3361 700 3410 ι
733 3340 809 3402 Vide
851 3361 927 3402 num.
958 3339 1007 3400 88.

316 3454 346 3492 ,e
385 3474 393 3491 .
460 3445 471 3491 κ

297 3428 445 3572 Asnqintra
467 3505 522 3577 lior
544 3501 676 3566 bimeslre
696 3524 713 3563 a
733 3501 832 3576 iudice
854 3501 1000 3584 prasitum

248 3609 379 3655 teneatur
403 3587 513 3669 ingredi
535 3584 635 3649 volens
656 3581 804 3666 profiteri,
828 3585 899 3648 ibid.
923 3607 999 3648 num.

247 3671 458 3752 m&m·
747 3748 838 3764 ,‚
965 3749 973 3763 ,

292 3750 421 3814 Consum
456 3763 538 3811 atum
562 3763 657 3812 autem
670 3765 891 3813 matrimonium
903 3750 956 3813 lrac
966 3769 995 3810 tn

251 3835 354 3896 mate'
425 3831 525 3894 abetur
555 3848 606 3924 per
643 3830 823 3915 coniugalem
864 3833 999 3916 copulam

561 115 1487 209 lNDEXCENERALIS

1141 233 1202 310 Qui
1232 229 1252 292 si
1282 246 1403 312 uterque
1429 233 1552 310 Coniux
1583 231 1764 318 ingrediatur
1793 227 1851 308 sine

1099 333 1207 380 mutuo
1226 310 1381 390 consensu,
1404 311 1475 377 ibid.
1497 337 1574 378 num.
1598 340 1650 394 99.
1667 319 1706 381 Φ
1721 339 1786 384 ιοο.

1145 399 1194 460 An
1217 395 1310 458 altero'
1332 395 1467 476 Coniuge
1498 398 1618 479 ingresso
1652 397 1708 465 stne
1736 401 1857 472 alterius

1104 475 1260 551 consensu,
1283 475 1369 558 poffit
1391 480 1422 540 δι
1443 479 1518 544 alter
1540 481 1669 564 ingredi,
1692 485 1723 546 δι
1743 486 1862 568 profite-
1898 494 1909 526 s

1106 561 1131 625 ri
1154 559 1250 623 valide
1269 561 1325 623 fine
1347 558 1466 625 alterius
1476 563 1633 639 consensu,
1657 562 1819 631 ib.n.tot.

1146 643 1212 707 Posl
1231 639 1469 718 consummatum
1505 663 1604 710 autem
1628 646 1860 715 Matrimonium

991 761 992 764 =
1108 722 1205 787 nullus
1227 724 1342 796 Coniux
1372 727 1465 804 potesl
1487 727 1543 793 fine
1573 727 1712 792 consensu
1741 731 1860 798 alterius

1109 803 1296 888 Religionem
1318 805 1449 887 ingredi,
1472 807 1504 872 δι
1527 809 1859 878 Proseslionememitte·

1110 907 1139 950 te
1149 913 1163 962 ;
1184 881 1313 1030 igque‘sr
1333 886 1434 966 fieret,
1457 887 1571 956 nullum
1593 893 1677 970 esset,
1699 891 1772 958 ibid.
1781 919 1856 962 nunt.

1113 990 1161 1032 Π·
1240 989 1287 1050 130
1554 1001 1558 1008 '

1111 1097 1114 1102 .
1143 1049 1269 1115 Mortuo
1292 1065 1389 1118 tamen
1410 1053 1502 1119 altero
1525 1057 1659 1138 Coniuge
1682 1079 1741 1122 non
1766 1059 1857 1140 potest

1103 1131 1184 1196 licite
1206 1149 1324 1215 propter
1345 1133 1464 1218 stmplett
1485 1155 1587 1202 votum
1604 1138 1855 1205 Cassitatisalium

1104 1215 1225 1290 ducere,
1256 1234 1308 1278 neo
1329 1217 1421 1299 potest
1451 1236 1546 1300 petere
1569 1219 1638 1287 licet
1669 1222 1785 1286 reddere
1814 1241 1854 1288 te·

1105 1313 1229 1369 neatut;
1253 1295 1271 1356 st
1293 1317 1364 1362 vero
1384 1297 1463 1363 aliud
1486 1301 1718 1366 Matrimonium
1740 1323 1853 1368 contru-

1105 1377 1205 1456 steret,
1236 1375 1304 1441 esset
1333 1378 1481 1458 validum,
1526 1383 1664 1466 quumvis
1694 1385 1850 1463 illicitum,

1104 1459 1180 1524 ibid.
1200 1483 1275 1521 num.
1294 1481 1338 1538 14.
1349 1461 1388 1525 (θ’
1399 1485 1474 1526 num.
1490 1485 1556 1544 to4.
1569 1467 1691 1548 (ψῃ.

1143 1542 1237 1606 l’otesl
1257 1559 1354 1607 autem
1375 1564 1449 1609 unus
1469 1545 1589 1623 Coniux
1620 1569 1685 1612 com
1715 1545 1852 1614 consensu

1104 1621 1223 1688 alterius
1244 1625 1307 1706 post
1329 1625 1561 1691 consummatum
1575 1631 1803 1694 Marrimonlum
1815 1629 1852 1694 ud

1104 1703 1293 1787 Religionem
1316 1709 1451 1785 tranfire,
1474 1711 1492 1771 fi
1517 1713 1656 1797 requifitte
1676 1710 1850 1795 adimplean-

1099 1802 1148 1851 tur
1168 1786 1368 1930 cppditiones,
1390 1811 1453 1873 que
1476 1793 1649 1878 resignatur,
1670 1795 1743 1860 ibid.
1772 1815 1848 1860 nunt.

1103 1887 1150 1952 ²5·
1174 1896 1191 1929 a
1233 1891 1282 1933 ιο.

1142 1949 1279 2015 Proseslio
1300 1951 1398 2018 emisse
1417 1977 1435 2018 a
1456 1959 1588 2041 Coniuge
1616 1979 1682 2024 cunt
1712 1953 1847 2024 consensu
1865 2025 1868 2030 ⁴

1101 2031 1219 2097 alterius
1240 2035 1385 2116 Coniugis
1415 2040 1452 2100 ell
1476 2043 1588 2116 valida,
1618 2041 1755 2121 quamvis
1784 2057 1842 2101 nnn

1099 2116 1253 2192 adhibita,
1276 2118 1306 2179 δι
1328 2118 1481 2184 observata
1501 2124 1553 2182 snt
1575 2138 1630 2182 tres
1650 2119 1759 2180 ultima
1777 2117 1840 2178 atu·

1098 2214 1193 2280 gnata
1213 2200 1414 2275 conditiones,
1435 2201 1472 2264 ib.
1494 2226 1538 2262 nu.
1563 2221 1610 2262 ιι.

1138 2281 1168 2342 st
1190 2282 1346 2355 oonimrin
1371 2280 1467 2346 saeculo
1496 2301 1641 2345 remanens
1671 2293 1838 2360 perpetuam

1099 2361 1273 2425 Cassitatem
1297 2367 1430 2439 voverit,
1451 2365 1566 2438 Coniux
1588 2361 1700 2435 deeius
1722 2359 1843 2423 licentia

1101 2442 1238 2506 Professus
1259 2449 1359 2525 nequit
1381 2446 1507 2528 amplius
1528 2445 1676 2517 revocari,
1697 2443 1842 2506 stveCon-

1095 2526 1144 2600 iux
1168 2525 1196 2588 in
1219 2526 1328 2589 Saeculo
1352 2549 1499 2591 remanens
1522 2529 1553 2590 fit
1576 2525 1707 2605 iuvenis,
1730 2524 1785 2587 stve
1804 2523 1819 2584 s
1832 2563 1843 2578 ·

1096 2629 1170 2682 nex,
1190 2607 1247 2672 five
1268 2608 1303 2671 de
1323 2609 1534 2674 incontinentia
1555 2608 1714 2692 suspeslus,
1745 2605 1842 2671 velsu·

1102 2689 1194 2773 spedla
1216 2689 1273 2754 five
1293 2711 1376 2767 non,
1399 2691 1437 2753 ib.
1460 2717 1504 2752 au.
1532 2713 1580 2755 22.

1140 2773 1189 2834 An
1214 2772 1232 2834 si
1254 2793 1325 2835 unus
1347 2773 1513 2855 Conjugum
1537 2775 1572 2836 de
1595 2769 1711 2838 licentia
1728 2769 1843 2834 alterius

1096 2851 1298 2917 Professtonem
1322 2855 1349 2916 in
1374 2853 1527 2934 Religione
1549 2856 1683 2925 etnitrar,
1719 2853 1749 2914 ἃ
1769 2850 1843 2914 alter

1097 2935 1125 2996 in
1157 2935 1265 2999 Saeculo
1299 2953 1446 3000 remanens
1478 2954 1646 3020 perpetuam
1669 2933 1838 2996 Callitateru

1093 3038 1151 3080 non
1174 3035 1299 3093 voveat,
1324 3015 1461 3081 Professus
1482 3018 1527 3080 ad·
1540 3039 1659 3082 utorern
1673 3017 1773 3079 iterum
1797 3034 1840 3076 re-

1093 3100 1191 3162 vocari
1215 3098 1324 3180 poslit;
1353 3099 1387 3161 dr
1408 3101 1525 3176 debeat,
1550 3100 1726 3184 &quidde
1749 3097 1838 3161 altero

1090 3182 1120 3244 in
1143 3180 1242 3243 seculo
1265 3183 1502 3244 remanentelr'b.
1513 3207 1588 3244 num.
1602 3205 1649 3265 ²3·
1665 3185 1702 3244 Θ
1718 3201 1764 3258 24.

1129 3263 1274 3339 Quamvis
1295 3263 1328 3324 de
1349 3261 1415 3330 lure
1436 3265 1597 3329 Communi
1621 3283 1676 3327 non
1710 3259 1835 3341 requira-

1088 3364 1138 3409 tur
1162 3344 1278 3404 sicentia
1301 3341 1461 3425 Episcopi,
1485 3365 1516 3408 ut
1539 3345 1605 3409 talis
1627 3343 1782 3427 ingressus,
1806 3343 1836 3404 δι

1089 3422 1227 3490 Prosesiio
1247 3422 1298 3486 fiat
1319 3423 1432 3502 valide,
1466 3427 1621 3510 requiritur
1651 3444 1772 3502 tamen,
1789 3439 1835 3486 ’ur

1086 3507 1136 3569 fiat
1160 3506 1257 3578 licite,
1282 3503 1424 3585 ib.n.25.

1122 3583 1248 3660 Quando
1270 3607 1343 3651 unus
1364 3588 1531 3671 Conjugum
1545 3585 1733 3653 'adulterium
1756 3606 1831 3652 com·

1081 3668 1202 3742 mittit,
1225 3671 1335 3750 potest,
1357 3692 1392 3734 eo
1415 3671 1530 3745 inviro,
1555 3673 1674 3746 Coniux
1696 3672 1830 3734 innocens

1080 3747 1265 3830 Religionem
1299 3751 1426 3833 ingredi,
1459 3754 1548 3816 etiam
1580 3775 1639 3816 non
1679 3753 1828 3834 erpeslata

1080 3829 1188 3902 iudicis
1211 3829 1368 3908 sententia,
1390 3835 1410 3896 sr
1433 3833 1487 3897 suit
1511 3835 1679 3916 publicum,
1702 3838 1824 3899 &noto-

251 3899 485 3999 suisequentent,
508 3934 567 3975 non
589 3928 659 3977 trem
683 3913 888 3999 perscopulam
919 3930 998 3976 ante·
1080 3912 1155 3976 rium
1176 3913 1336 3979 ib.ttu.26.
1351 3910 1509 3989 27.(·ra'8.

250 3998 418 4078 sedentem,
442 3996 514 4056 ibid.
538 4019 612 4057 num.
637 4019 684 4075 95.

258 4083 260 4087 '
289 4077 396 4140 Utrum
419 4076 551 4160 prosessro
572 4074 646 4140 sarta
666 4076 868 4142 consummato
888 4075 996 4138 Matri·

250 4160 353 4220 monio
382 4158 418 4221 ab
448 4180 504 4222 uno
534 4162 655 4240 coniuge
676 4159 768 4223 altero
800 4157 914 4232 invito,
951 4155 998 4222 vel

248 4236 361 4314 inscio,
384 4241 417 4302 fit
440 4239 539 4316 irrita,
560 4261 597 4305 tn
608 4241 764 4317 irritanda,
787 4238 896 4302 ibide.
909 4244 957 4317 9⁶·

291 4325 373 4385 Num
406 4321 539 4402 ingressus
569 4343 627 4386 non
661 4339 812 4386 revocatus
847 4322 883 4382 ab
901 4319 996 4386 altero

247 4401 334 4485 puslit
356 4406 473 4483 propria
494 4404 666 4468 anuorieare
688 4403 803 4484 egredi,
835 4402 864 4462 δι
895 4402 930 4464 ad
952 4402 993 4462 di-

248 4485 362 4548 tuissum
385 4483 492 4560 redire,
516 4484 556 4548 r'b.
578 4491 683 4548 intrav.
694 4485 762 4544 add.
774 4510 801 4544 n.
813 4503 863 4560 97.

288 4565 367 4640 Quid
390 4566 407 4626 st
428 4567 542 4640 Coniux
565 4566 636 4632 alter
659 4566 820 4638 moriatur,
843 4583 877 4624 an
893 4559 995 4625 conlit-

247 4654 344 4712 utetur
358 4645 609 4730 prosesstmibt'd.
632 4669 709 4712 num.
732 4645 785 4726 98.
809 4645 847 4709 Θ
862 4644 923 4724 seq.

1040 3991 1158 4069 Coniux
1181 3995 1336 4073 innocens,
1362 3997 1379 4059 fi
1402 3998 1461 4078 poll
1483 3999 1601 4063 alterius
1635 3995 1826 4068 adulterium,

1080 4077 1246 4172 voluntarie
1276 4078 1423 4142 cohabitet
1454 4079 1599 4162 petendo,
1641 4081 1671 4141 ἃ
1712 4076 1829 4172 redden-

1079 4156 1116 4220 do
1138 4158 1286 4235 debtrum,
1319 4181 1376 4224 non
1399 4165 1508 4242 potesl,
1541 4182 1575 4225 eo
1599 4161 1711 4232 invtto,
1746 4155 1825 4221 Relt-

1078 4237 1195 4319 gionem
1211 4241 1349 4324 ingredi,
1372 4261 1405 4307 ut
1428 4265 1479 4307 nec
1500 4244 1608 4319 etiam,
1632 4239 1691 4302 si&
1708 4235 1768 4322 lpse
1790 4259 1827 4304 ex

1077 4323 1138 4401 poll
1161 4322 1309 4405 delinquat
1319 4369 1341 4418 ,Ι
1351 4321 1393 4385 ib.
1405 4347 1452 4422 gru.
1465 4345 1514 4405 29.
1527 4327 1565 4390 (ν
1577 4343 1624 4418 303
1644 4403 1651 4418 ι

1079 4403 1382 4565 ,irrisus
1401 4403 1831 4556 ssssss”slsls¹lsts,lss

1078 4563 1147 4628 iacit
1168 4589 1184 4628 a
1205 4566 1341 4648 Coniuge
1363 4567 1497 4633 adultero
1510 4571 1601 4632 etiam
1623 4567 1720 4650 quoad
1742 4565 1830 4629 costa·

1076 4645 1271 4726 bitationem,
1293 4670 1351 4713 non
1374 4652 1466 4734 potest
1489 4653 1605 4723 Coniux
1638 4651 1751 4792 adulper
1772 4647 1829 4710 sine

1721 4752 1762 4794 sse
1775 4751 1805 4790 n·

1683 4931 1725 4956 κ.
