4016 5248
279 159 365 242 en
552 73 1467 206 ruoaxoanaauers

302 239 363 321 Qui
385 242 533 324 Martyres
552 234 612 297 dici
633 231 745 316 possunt
767 273 777 307 ,
801 229 849 291 vel
869 245 950 300 non,
970 220 1013 287 ib.
1055 217 1219 284 Marricida
1236 211 1340 299 gaudet
1362 209 1552 276 immunitate
1572 205 1798 284 Ecelestalliea,
1829 199 1888 272 1¹1?

262 351 338 394 num.
358 347 404 388 12.
416 323 455 386 ad
467 323 514 384 18.
1097 325 1126 364 ee.
1151 319 1201 362 20.
1574 359 1578 368 ι

302 411 356 473 Αιι
376 406 461 470 liceat
490 396 582 462 hostes
601 392 687 476 ¹Pidei
709 407 896 474 provocare,
929 383 961 458 dc
990 380 1017 448 se
1056 379 1170 445 Matris
1189 374 1322 440 mallitia
1335 374 1379 437 est
1398 373 1476 438 iilius
1496 370 1614 446 stultus,
1638 369 1681 434 ib.
1703 396 1729 433 n.
1753 388 1806 432 aa.

263 487 416 570 Martyrio
436 486 580 566 ingerere,
601 478 728 540 iberum.
754 492 803 549 ιφ.
823 469 864 530 ad
886 485 935 528 22.
1058 460 1169 528 Matris
1189 455 1356 522 maledicio
1376 453 1504 522 eradicat
1533 451 1746 529 fundamenta,
1780 449 1874 514 ibid.

304 571 355 636 Ad
375 563 557 646 Martyrium
581 558 610 621 in
631 554 737 619 adultis
758 570 821 616 tum
842 546 1016 628 baptizatis,
1099 565 1175 606 num.
1201 560 1249 601 22.

262 671 326 718 torn
349 668 407 712 non
428 637 583 726 baptizaris
605 637 709 719 quide
748 633 857 696 nitatur
876 651 887 689 .·
920 628 949 691 δι
980 646 1017 689 an
1071 674 1075 680 .
1142 624 1191 683 An
1214 618 1338 701 pucellae
1359 620 1387 681 in
1410 617 1489 680 lilios
1509 614 1544 678 de
1565 618 1627 688 iure
1647 627 1754 679 natura
1776 632 1870 676 eom·

264 730 387 797 sufficiat
407 724 523 791 attritio
546 718 730 800 supernatura
743 734 767 776 rs
786 731 852 776 cum
874 709 1017 774 votoSa·
1099 719 1179 784 petat
1201 700 1255 764 soli
1276 699 1375 776 Patri,
1398 696 1512 764 exclusa
1533 697 1636 761 Matre
1655 741 1664 773 ,
1687 695 1763 762 ibid.
1782 719 1871 759 m.

262 809 408 880 crementi
432 803 628 874 Pceoitentiae‚
651 797 692 861 ib.
707 823 735 858 n.
753 815 800 874 23.
824 793 863 852 ad
887 811 935 866 ²9·
1101 785 1258 864 23.ad25.

223 894 407 978 Martyrium
430 889 460 950 in
482 879 588 946 adolric
608 879 732 958 remittit
744 893 862 941 omnem
883 873 1021 952 culpam,
1138 859 1284 954 Quamvis
1305 861 1427 942 potessas
1453 857 1512 922 sola
1533 860 1566 921 fir
1588 858 1705 934 Patria,
1728 857 1796 921 lunt
1818 874 1867 923 ta-

264 979 296 1040 &
318 991 454 1058 mam,
477 963 604 1028 immenti
618 983 666 1042 30.
1100 964 1165 1006 men
1188 941 1322 1014 Officra,
1357 959 1419 1020 quae
1441 939 1512 1001 Filii
1542 959 1601 1002 non
1627 942 1705 1004 Parti
1729 941 1827 1004 solum
1851 984 1863 1016 ,

221 1055 375 1138 Martyrio
396 1045 538 1116 decoratis
560 1040 709 1125 respondet
739 1037 768 1098 in
791 1032 879 1097 Coelo
902 1035 1018 1094 Lauere·
1101 1025 1146 1088 sed
1179 1023 1327 1086 &Matri
1350 1023 1476 1102 praellate
1508 1038 1674 1096 tenentur,
1703 1042 1769 1104 qoae
1798 1021 1864 1084 vid.

264 1141 317 1210 la,
338 1134 385 1200 seu
406 1129 524 1194 Aureolo
540 1149 548 1198 ;
570 1126 601 1188 bc
621 1122 690 1205 quid
711 1118 763 1192 stt,
785 1115 863 1177 t'b.'n.
889 1135 937 1194 3¹·
1100 1104 1140 1167 r'b.
1153 1129 1228 1167 num.
1242 1111 1288 1164 2⁶.
1305 1101 1343 1164 ad
1356 1123 1404 1178 29.

222 1217 405 1300 Martyrium
425 1229 484 1293 quo
508 1203 622 1268 inllanti
642 1199 770 1264 conserat
791 1194 945 1277 gratiam,
979 1192 1019 1254 ib.
1142 1190 1191 1279 ᾼη
1216 1185 1303 1246 marri
1325 1183 1452 1247 asserenti
1476 1181 1568 1244 filium
1583 1182 1711 1264 aliquem
1725 1207 1759 1249 er
1780 1181 1862 1246 adol.

266 1319 342 1364 num.
366 1315 415 1376 3²·
958 1295 959 1298 ¹
1102 1282 1177 1330 tetro
1199 1282 1299 1328 natum
1321 1264 1393 1339 elle,
1415 1264 1609 1342 eredendum,
1630 1263 1670 1327 ib.
1692 1290 1721 1328 n.
1746 1286 1795 1344 ²3·
1818 1267 1862 1328 (a

303 1377 365 1440 Cur
387 1375 415 1434 in
437 1371 557 1432 Canone
580 1363 674 1427 Mine
704 1356 894 1423 nominentur
927 1352 1018 1416 solum
1097 1351 1175 1426 seqq.

264 1458 433 1539 Martyres,
455 1451 486 1512 δι
507 1451 566 1512 non
586 1441 786 1512 Coniellorea,
807 1436 848 1498 ib.
870 1459 946 1497 num.
971 1455 1020 1514 3'·
1062 1429 1164 1492 Mater
1195 1427 1329 1514 tpanfions
1359 1427 1396 1487 ad
1433 1423 1565 1488 secundae
1597 1427 1713 1508 nuptiae
1738 1423 1877 1506 quando

222 1541 393 1622 Martyrum
415 1551 550 1596 numeros
570 1523 734 1608 aliqualiter
756 1518 950 1600 disquiritur,
979 1482 1021 1578 ii.
1103 1509 1223 1603 amittat
1245 1505 1458 1601 hereditatem,
1480 1508 1511 1568 δι
1532 1508 1710 1590 Legitimam
1720 1505 1774 1570 felii
1787 1524 1859 1586 prae.

266 1641 314 1688 nu,
339 1641 387 1700 34.
409 1615 447 1678 ad
469 1617 517 1694 36.
1087 1603 1242 1661 'mortutr
1266 1589 1341 1652 the
1363 1590 1441 1652 verb.
1463 1591 1609 1669 Legitima
1626 1616 1656 1654 re.
1680 1613 1729 1673 33.

312 1699 398 1764 Unde
419 1712 526 1759 nomeu
549 1685 716 1768 Martyrii,
736 1681 808 1745 ibici.
830 1704 877 1742 au.
893 1698 941 1760 37.

310 1779 418 1844 Primis
439 1771 569 1838 Ecclefiae
590 1765 705 1832 securis
726 1760 903 1825 Consellotes
924 1755 1021 1839 appel·
1062 1749 1359 1824 MATERTERA,
1381 1749 1412 1812 dt
1433 1749 1613 1816 Marrertera
1634 1771 1740 1834 magna
1748 1775 1758 1826 i
1779 1750 1855 1819 Vide

111 1911 117 1920 ,
249 1861 398 1930 'lgbantrrr
419 1857 589 1935 Martyres,
612 1847 684 1910 ibid.
706 1868 782 1906 num.
800 1843 847 1923 38.
1099 1833 1179 1896 verb.
1201 1831 1333 1908 Affiuires
1353 1848 1407 1892 arr.
1422 1849 1534 1894 meeum.
1550 1853 1595 1914 15.

305 1943 370 2008 Alii
392 1935 600 2019 distinguebani
620 1924 797 1994 Conlellorer
825 1945 843 1986 a
873 1916 1016 2001 Martyri·
1058 1911 1419 1986 MATHEMATICA,
1443 1913 1488 1975 (eu
1508 1911 1649 1978 Matiene
1668 1915 1756 1997 quide
1777 1911 1853 1974 Vide

267 2025 338 2096 bug,
359 2019 433 2083 ibid,
1101 1992 1180 2059 verb.
1203 1993 1327 2055 illandus
1345 2016 1422 2056 num.
1447 2014 1516 2073 179.

305 2103 456 2184 Martyrea
475 2096 527 2158 alli
548 2092 687 2172 designari
709 2111 718 2163 ;
749 2085 798 2151 alii
822 2078 1019 2152 consummati

267 2187 454 2253 dicebantur,
476 2176 517 2240 r'b.
728 2203 732 2210 ,
1193 2157 1233 2218 Μ
1257 2155 1338 2217 AT
1360 2149 1726 2220 RIMONIUM

94 2308 105 2323 ·
221 2267 364 2347 Martyrii
396 2257 485 2321 catria·
504 2273 561 2318 tres
592 2253 644 2316 elie
664 2250 796 2320 debent,
832 2245 862 2306 δι
889 2263 1020 2324 quanam
1120 2279 1130 2294 .

268 2367 305 2410 ea
327 2346 401 2410 stote
422 2339 498 2399 Vide
519 2333 559 2393 ib.
582 2354 657 2392 num.
675 2328 829 2410 3p.ad42.
1091 2317 1195 2394 Quoad
1217 2337 1280 2393 ea,
1312 2335 1376 2396 quae
1395 2329 1565 2382 concernunt
1585 2313 1641 2385 eiua
1661 2327 1808 2381 naturam,

308 2424 447 2496 Quanam
479 2411 674 2495 dispositiones
704 2407 883 2487 requirantur
916 2402 944 2464 io
969 2401 1018 2462 bo·
1146 2398 1323 2472 Materiam,
1347 2399 1508 2480 Formpm,
1530 2395 1559 2458 bt
1579 2392 1764 2454 Minillrum.

227 2517 230 2526 '
267 2505 363 2576 mine,
387 2515 418 2564 ut
440 2495 584 2576 Martyrii
604 2489 727 2572 gratiam
749 2483 967 2565 consequatur,
980 2484 1018 2543 ii.

218 2635 222 2642 ,
266 2590 297 2652 in
317 2580 441 2666 Append.
463 2599 538 2640 num.
562 2593 612 2650 43.
633 2571 671 2632 ad
692 2591 742 2649 75.
939 2623 941 2626 ,
1059 2557 1288 2622 Matrimonium
1311 2559 1385 2622 unde
1407 2557 1547 2630 dirlum3
1577 2575 1625 2619 rur
1646 2553 1681 2616 src
1711 2553 1850 2620 dicatur,

307 2667 350 2729 De
373 2659 540 2726 pluralitate
563 2655 733 2736 Martyrum
764 2648 893 2730 priorum
916 2643 1015 2708 Eccle·
1097 2641 1127 2702 dt
1150 2661 1207 2704 non
1231 2642 1433 2703 Patrimonium
1457 2662 1467 2712 ς
1487 2661 1537 2702 cur
1559 2635 1714 2719 aliquando
1734 2651 1853 2699 vocetur

266 2748 309 2812 fiae
330 2744 523 2815 Saeculorum,
544 2736 648 2799 ibidem
667 2753 770 2796 numer.
792 2732 841 2810 76.
1096 2723 1297 2804 Coniugium,
1318 2720 1522 2794 Coenrrbr'rrm,
1548 2720 1690 2800 Nuptiae3
1723 2716 1762 2778 Er
1782 2713 1850 2801 quid

504 2865 510 2874 .
1101 2804 1135 2864 stt
1161 2828 1169 2873 ς
1192 2803 1268 2865 Vide
1290 2804 1367 2866 verb·
1392 2803 1606 2864 Matrimonium
1627 2815 1682 2861 arr.
1709 2819 1733 2862 r.
1755 2821 1800 2860 nu.
1827 2817 1849 2858 t.

371 2901 411 2967 M
494 2901 524 2963 Α
605 2898 634 2958 Τ
716 2895 747 2956 E
825 2890 871 2951 R.
1103 2885 1141 2944 ad
1164 2905 1190 2964 5.

645 3034 650 3038 ,
1059 2962 1291 3028 Matrimonium
1322 2963 1463 3027 dividitor
1494 2963 1524 3026 in
1555 2962 1764 3044 Legitimum,
1795 2958 1852 3020 Ra·

225 3063 327 3136 Mater
347 3065 499 3150 pregnans·
515 3061 543 3122 in
566 3056 693 3140 periculo
715 3055 783 3120 vitre
804 3075 870 3126 an,
903 3051 934 3114 aa
955 3068 1020 3130 quar
1101 3064 1191 3121 tum,
1215 3046 1245 3107 dt
1267 3043 1542 3110 Consummatom.
1575 3045 1615 3105 Er
1637 3041 1746 3120 iugula
1766 3038 1850 3120 expli·

249 3150 395 3286 ,remedqa
429 3143 536 3207 sumere
566 3136 683 3221 pollii,
714 3138 792 3200 Vide
823 3134 902 3217 vet-b.
927 3135 1021 3192 Macer
1101 3142 1224 3269 cantuy,
1247 3125 1446 3266 §quomodo
1469 3125 1546 3188 inter
1566 3121 1761 3198 sedifferant,
1781 3120 1849 3185 ibid.
1938 3194 1943 3210 Ι

262 3252 363 3296 noha
416 3267 423 3286 t
1103 3231 1177 3270 nume
1209 3232 1250 3269 ed
1285 3227 1331 3268 lie

307 3248 415 3373 Formi
429 3300 544 3384 quando
566 3300 727 3368 animetur,
749 3295 779 3356 a
800 3294 857 3355 alia
879 3288 1016 3372 adipsum
1059 3288 1289 3352 Matrimonium
1314 3305 1346 3353 ut
1372 3287 1405 3352 srt
1425 3287 1666 3359 Sacramentum,
1690 3285 1765 3349 inter
1783 3301 1851 3366 quor

261 3386 441 3473 spedonna,
462 3383 536 3445 ibid.
547 3403 622 3442 num.
642 3397 686 3440 ro.
706 3381 737 3442 bt
758 3374 837 3438 verb.
861 3373 995 3435 Aborras.
1099 3367 1234 3433 contrabi
1254 3367 1373 3446 debeat,
1396 3365 1476 3431 idn.
1494 3390 1539 3432 ra.
1552 3368 1590 3432 &²
1606 3390 1652 3446 ις.
1754 3362 1757 3367 ’

228 3472 328 3538 Mater
359 3463 534 3554 probabilius
564 3474 679 3536 tenetur
708 3454 877 3540 permittere
922 3454 1018 3516 serlio-
1062 3448 1293 3514 Matrimonium
1329 3452 1359 3512 in
1389 3451 1500 3514 ratione
1529 3448 1710 3511 sacramenti
1740 3443 1850 3528 quando

266 3575 350 3624 nem,
375 3566 404 3611 ot
428 3545 591 3624 baptizetur
612 3558 681 3621 puer
702 3537 773 3600 aliae
794 3535 1020 3600 morituruasrne
1102 3531 1186 3595 luerit
1208 3531 1391 3605 iollirutum,
1415 3530 1454 3592 ib.
1478 3529 1624 3607 n.14.ad
1648 3535 1696 3595 18·

266 3629 431 3717 baptismo,
453 3625 491 3687 ia
513 3646 589 3686 nem.
603 3642 650 3684 aa.
1061 3603 1292 3676 Matrimonium
1318 3612 1392 3676 inter
1414 3605 1526 3674 fidelem
1548 3653 1557 3686 ,
1590 3612 1620 3673 dt
1650 3607 1797 3672 infidelem
1817 3625 1849 3666 tn

186 3767 194 3774 .
226 3716 329 3779 Mater
350 3727 496 3793 pregnans
515 3725 551 3767 an
573 3719 669 3786 peccet
700 3701 721 3762 ii
750 3697 869 3780 choreas
902 3698 1017 3774 ducat,
1082 3694 1133 3754 'sn
1155 3697 1389 3765 Sacramentum,
1413 3694 1552 3769 ii.n.rp.

269 3791 344 3855 ibid.
367 3813 441 3852 num.
469 3807 513 3868 ¹3·
613 3863 620 3876 .
1059 3772 1292 3839 Matrimonium
1310 3775 1438 3838 duorum
1460 3774 1626 3854 Conjogum
1662 3767 1848 3837 infidelium,

225 3875 327 3940 Mater
347 3886 462 3936 tenerur
481 3866 557 3932 alere
580 3863 656 3928 filror
675 3861 774 3947 primo
792 3859 948 3934 triennio,
977 3855 1018 3920 ib.
1099 3856 1120 3917 st
1150 3872 1384 3929 convertantur,
1416 3855 1445 3918 dt
1466 3853 1554 3918 ambo
1583 3853 1767 3934 baptizentur
1786 3891 1795 3921 ,
1815 3866 1847 3904 an

266 3978 342 4019 nune.
367 3975 413 4027 ¹⁴·
1071 3947 1073 3950 ’
1100 3933 1152 4001 liat
1172 3939 1411 4010 Sacramentum,
1428 3935 1499 3997 ibid.
1523 3959 1596 3997 num.
1615 3955 1663 3994 ao.
1686 3932 1725 3994 (a
1747 3949 1790 3989 ar.

306 4037 356 4098 An
380 4034 480 4094 Mater
501 4029 550 4091 sub
571 4027 653 4110 gravi
673 4041 803 4090 teneatur
824 4019 957 4106 proprior
979 4019 1016 4080 la·
1138 4019 1327 4100 Affignaotur
1347 4013 1478 4088 effedlus,
1503 4015 1559 4077 stre
1580 4013 1770 4094 principales,
1794 4004 1849 4065 srue

265 4115 340 4180 dare
361 4110 499 4183 inianter,
522 4109 561 4171 ib.
585 4134 632 4170 nu.
656 4129 701 4186 ις.
723 4108 761 4169 (a
783 4109 833 4168 ιό.
851 4106 881 4165 δι
903 4101 959 4162 alia
980 4100 1015 4163 ad
1097 4099 1194 4161 minue
1215 4098 1386 4182 principales
1407 4095 1629 4168 Matrimonii,
1653 4091 1759 4170 eiusque
1779 4084 1849 4148 Ma·

266 4220 345 4272 rem,
366 4195 443 4255 Vide
464 4190 543 4252 verb.
558 4191 663 4265 Filius,
687 4189 759 4251 filii
778 4213 805 4250 a.
821 4183 1015 4250 nadweth.
1081 4179 1190 4252 ,teria,
1214 4199 1247 4244 ac
1268 4179 1380 4254 forma,
1403 4177 1479 4240 ibid.
1501 4199 1575 4240 eum.
1595 4175 1747 4246 22.eri27.

265 4281 395 4342 Parrures
415 4291 550 4344 numrp.
630 4304 633 4308 -
1006 4340 1009 4346 Ι
1138 4260 1266 4322 Minillri
1290 4262 1375 4336 buius
1395 4259 1572 4325 Sacramenti
1595 4279 1630 4321 an
1662 4249 1776 4336 proprie
1797 4247 1851 4309 stnt

304 4357 383 4434 Quid
404 4355 438 4416 de
460 4351 578 4424 Marte,
600 4369 661 4432 qua
684 4348 830 4413 Infantem
849 4345 936 4410 nodio
957 4346 1013 4410 line
1080 4338 1146 4420 ⁴ipit
1169 4340 1399 4412 contrahentes,
1422 4333 1495 4414 ibri.
1516 4363 1591 4402 num.
1617 4335 1661 4397 28.
1680 4335 1719 4395 ad
1743 4352 1811 4414 32.-

265 4440 362 4504 debita
391 4434 502 4497 cautela
533 4447 610 4494 tenet
642 4431 670 4490 in
704 4431 805 4503 ladio,
836 4431 866 4492 δι
896 4429 965 4508 quid
998 4427 1017 4489 st
1058 4421 1287 4486 Matrimonium
1310 4441 1360 4504 pet
1382 4417 1635 4496 Procuratorem,
1665 4415 1820 4479 Nuntium
1840 4450 1853 4483 ‚-

265 4521 356 4605 ipsum
382 4512 585 4586 suffocaverit,
607 4511 653 4575 vel
676 4511 837 4583 occiderit,
860 4509 901 4572 ii.
915 4535 943 4572 e.
971 4509 1016 4574 18.
1098 4521 1147 4564 aot
1169 4501 1294 4566 Litteras
1316 4504 1495 4567 contrailunr
1520 4505 1710 4584 undequaque
1731 4491 1851 4579 explica·

266 4603 304 4665 aei
328 4623 374 4678 19.
394 4601 423 4663 δι
447 4597 524 4662 verb.
546 4597 635 4658 Pana
654 4617 682 4656 rt.
711 4611 775 4672 131.
1097 4603 1166 4663 rue,
1189 4583 1229 4660 ὶρ,
1252 4611 1297 4652 m,
1321 4609 1366 4669 33,
1390 4585 1427 4644 ,d
1448 4603 1511 4660 42..
1762 4653 1812 4720 M
