4094 5220
279 109 360 216 ιβ
674 212 680 226 .
874 211 881 225 ι

293 221 429 289 osiam,
451 211 508 276 fine
530 211 715 296 Beneplactto
748 211 919 293 Apolloltco
949 229 1006 274 non

252 302 366 389 possunt
385 297 462 360 bona
484 293 696 366 Ecclesiaslica,
719 293 775 356 five
800 291 920 354 mobilia
942 311 1004 372 pte-

252 383 327 450 tiosa
348 378 440 442 dividi
462 378 492 438 in
515 377 598 458 plura
617 393 740 456 corpora
761 371 795 434 ad
816 373 872 436 hoc
894 390 926 435 ut
949 375 1002 434 nti-

251 481 360 530 nuatot
382 458 481 533 valor,
503 460 534 522 dr
555 458 724 520 reducantur
744 453 779 517 ad
799 452 850 519 elia
868 455 1001 518 Terrula-

252 568 337 620 rum,
362 542 406 606 vel
428 543 463 604 ad
483 538 701 602 estimationem
716 537 859 600 minorem
873 558 924 615 4ο.
937 537 1003 600 Scu-

252 629 293 694 tis
315 621 475 696 Romanis,
498 639 530 684 ut
554 621 589 684 fic
610 640 654 682 tes
674 618 725 682 liat
746 618 918 683 auslotitate
931 619 1002 703 Epi-

253 707 332 784 scopi
355 702 536 774 alienabilis;
557 701 597 763 ib.
607 727 635 762 n.
647 701 695 763 18.
711 701 749 763 Θ
762 722 811 776 19.

294 789 413 862 Nono,
447 786 504 846 stne
531 782 715 863 beneplacito
747 781 918 862 Apostolico
940 779 1003 844 sunt

209 916 215 926 ,
253 869 355 940 nullae,
378 869 409 929 δι
430 864 563 926 inualida
585 862 763 937 locationes,
788 859 833 923 seu
848 860 1000 925 concellio-

250 971 302 1020 oes
321 949 356 1010 ad
377 946 425 1008 loo
448 966 495 1020 um
526 951 644 1025 tempus
673 943 817 1006 bonorum
850 944 1000 1018 Ecclefiae,

252 1028 300 1092 sen
322 1029 365 1090 Ca
388 965 481 1100 ituii,
516 1025 654 1106 quamvis
674 1023 746 1087 fiant
768 1024 843 1086 inter
872 1025 999 1086 Canoni-

246 1129 300 1202 eoe
316 1153 333 1205 ,⁹
397 1103 743 1252 1ἶῑξίιιιίῑεῑιωεεῑιιωεω
775 1105 906 1170 Ecclesiae
935 1105 1000 1167 alie·

250 1211 371 1263 mmm
391 1214 401 1252 r
422 1213 431 1248 r
457 1214 507 1250 .n.
520 1209 571 1250 20.
759 1245 768 1256 ,

291 1271 436 1346 Decimo,
458 1269 513 1331 sine
533 1265 722 1349 beneplacito
740 1265 913 1347 Apollolico
944 1285 1002 1332 nott

249 1353 364 1436 possunt
386 1349 506 1417 alienati
526 1349 614 1412 annui
636 1346 745 1413 Census
765 1346 855 1412 creati
876 1349 912 1412 ad
943 1345 997 1409 sor·

250 1455 332 1499 mam
355 1432 443 1496 nulle
464 1431 576 1506 Piens,
598 1431 661 1492 imo
683 1451 733 1492 nec
753 1428 878 1490 diminui
897 1450 907 1501 ;
927 1426 999 1492 ibid.

251 1541 281 1582 a.
308 1537 356 1579 21.
379 1513 419 1576 (θ’
442 1533 490 1574 22.
804 1565 808 1574 .
930 1518 935 1531 ¹

295 1598 330 1658 ln
353 1591 418 1654 casn
441 1609 558 1664 autem,
580 1610 640 1670 quo
661 1588 796 1671 Capitale
815 1586 913 1653 census
943 1587 1000 1652 sue-

252 1677 293 1740 rit
316 1675 503 1745 restiturum,
524 1687 594 1734 tunc
616 1671 709 1753 lipto
728 1671 912 1734 invellitione
943 1691 1001 1733 non

252 1756 420 1821 inveniatur
439 1752 541 1815 fundus
563 1769 608 1814 rot
631 1751 745 1815 reddens
760 1751 904 1825 redditus,
928 1769 1001 1829 quot

249 1837 385 1901 reddebat
405 1836 515 1918 primus
525 1859 538 1906 ‚·
561 1832 608 1896 vel
631 1833 650 1893 st
670 1849 715 1895 tot
738 1831 854 1894 reddens
874 1829 998 1907 studius,

249 1934 301 1980 eut
332 1917 423 1982 etiam¹
454 1916 576 1982 maiores
595 1957 604 1988 ,
626 1912 800 1996 periculosos
821 1929 918 1976 tamen
942 1913 997 1988 stt,

249 2015 319 2062 tunc
341 1993 463 2069 valide,
494 1995 524 2056 δι
547 1993 627 2058 licite
647 1992 708 2056 fieri
729 1994 820 2076 potell
852 1995 999 2060 inteilitio

250 2097 305 2160 pro
325 2077 399 2137 mio.
423 2074 559 2148 tedditu;
582 2072 621 2136 ib.
633 2101 660 2136 n.
675 2095 721 2155 23·
733 2077 772 2138 <9
789 2095 837 2151 24.

242 2218 245 2224 .
297 2155 480 2232 Undecimo,
502 2155 557 2220 fine
580 2154 999 2238 BeneplacitoApoiiolirone·

248 2255 358 2320 queuut
378 2237 498 2301 alienari
519 2235 583 2300 lota
604 2237 780 2314 montium,
811 2235 860 2300 seu
879 2236 1000 2319 pecunia

250 2320 395 2384 collocata
417 2319 446 2379 in
469 2318 638 2384 montibusa
660 2316 700 2380 ib.
715 2343 743 2380 n·
756 2339 805 2390 ae.

291 2397 503 2472 Duodecimn,
525 2399 581 2461 stne
602 2397 833 2464 solemnitatibus
854 2415 1000 2478 nequeunt

248 2479 367 2543 aliendri
391 2480 466 2543 bona
485 2479 635 2557 Ecclesiae,
658 2480 723 2544 licit
744 2480 797 2542 stnt
828 2480 869 2543 ita
899 2479 998 2544 Eccle-

247 2561 290 2625 stae
313 2560 427 2636 telidla,
450 2561 497 2626 vel
518 2561 644 2637 donata,
666 2579 699 2626 nt
720 2561 826 2642 posliot
847 2581 901 2644 pto
933 2563 998 2623 libi-

248 2662 282 2706 to
304 2643 361 2708 stne
381 2642 613 2707 solemnitatibus
634 2641 782 2717 alienati3
813 2641 889 2705 secus
918 2643 936 2705 st
960 2665 1001 2708 re·

249 2723 318 2786 lisia
339 2725 374 2788 fic
398 2724 452 2786 stnr
475 2724 510 2786 ad
530 2724 756 2789 determinatum
778 2721 908 2792 essedlum
925 2751 939 2800 ,·
961 2724 1001 2788 rb.

247 2810 395 2950 eum&2d.
419 2807 458 2870 (Ψ
482 2825 530 2888 27.
551 2826 584 2872 ac
606 2809 684 2873 verb.
706 2811 782 2870 Runa
801 2825 854 2870 att.
880 2829 904 2869 t·
922 2831 999 2873 num.

250 2908 265 2968 3
291 2908 512 3033 Tettiodecimo
525 2967 578 3034 'Re
599 2971 706 3048 ulates,
727 2972 865 3053 quamvis
887 2973 998 3054 possent

245 3050 317 3114 alias
337 3051 462 3117 alienate
482 3054 558 3113 bona
593 3073 692 3116 uarum
715 3054 927 3128 Ecclesiatum,
951 3053 997 3117 tel

244 3132 492 3194 Monalletiotum
515 3130 595 3192 nella
623 3134 716 3212 petita
750 3132 868 3197 licentia
888 3155 906 3195 a
926 3134 995 3199 Sede

247 3208 438 3288 Apostolicaa
459 3207 506 3270 uel
528 3230 545 3268 a
566 3211 637 3270 Loci
658 3211 817 3273 Ordinatio
838 3233 872 3274 ex
903 3214 994 3291 priui-

245 3287 329 3366 legiis
360 3287 409 3349 sibi
441 3283 610 3358 conceffis,·
640 3309 715 3350 nunc
748 3305 847 3357 tamen
869 3289 898 3352 id
918 3293 995 3357 haud

243 3365 372 3449 amplius
393 3383 532 3449 queunt3
561 3364 640 3430 verb.
669 3369 810 3433 Alienatio
839 3386 893 3433 att.
925 3393 955 3451 4.
976 3399 996 3435 a

243 3472 320 3513 aum.
337 3449 436 3514 eset
452 3467 500 3527 30.

285 3529 516 3608 Quartodecs'uno
538 3527 693 3612 Regulates
713 3531 769 3598 fine
789 3535 994 3616 Beneptactto,

244 3609 527 3688 &solemnitatibus
557 3631 703 3691 nequeunt
733 3614 884 3689 transferte
914 3620 997 3685 bona

242 3691 278 3755 de
300 3713 358 3758 uno
378 3693 559 3758 Monasletio
579 3695 672 3759 divite
692 3695 721 3758 in
743 3697 820 3762 aliod
842 3699 990 3762 Monasle·

243 3773 339 3852 rium,
361 3776 471 3839 etiamst
492 3775 615 3848 eiusdem
638 3777 824 3855 Prouincias,
859 3780 890 3843 bt
912 3780 991 3845 Reli·

243 3851 371 3936 gionis3
393 3855 464 3919 ibid.
486 3881 560 3922 num.
585 3880 633 3940 31.
655 3861 686 3923 tr
706 3865 736 3925 itt
756 3865 815 3926 eod.
837 3881 891 3925 ert.
912 3883 943 3941 4.
962 3887 991 3926 tt.

247 3955 296 4018 ¹3·
316 3939 355 3997 ad
377 3959 425 4016 14.

285 4017 499 4083 Potesttamen
522 4019 664 4085 Pralatus‘
680 4024 830 4108 Regularis
859 4025 893 4089 de
923 4045 991 4090 con-

241 4092 320 4162 sessu
341 4099 473 4186 Capitoli
505 4102 716 4170 Conventualis
745 4106 992 4190 permutationem
1028 4181 1030 4184 ¹

242 4177 335 4243 faeere
354 4184 389 4245 de
409 4179 553 4263 aliquibus
574 4185 729 4261 mobilibus
750 4189 833 4256 alteri
845 4188 992 4253 Montila-

242 4259 286 4322 tio
319 4263 408 4325 etiam
442 4261 618 4343 superfluis.
649 4267 800 4334 Prohibita
832 4273 871 4334 esl
894 4289 991 4336 autem

241 4341 380 4407 alienatio
400 4343 618 4421 immobilium,
641 4350 672 4412 δι
692 4351 849 4415 mobilium
882 4355 990 4436 ptetio·

240 4419 338 4488 sorum
356 4439 403 4490 ea'
416 4441 474 4490 uno
497 4425 526 4486 in
548 4425 626 4488 aliud
646 4429 878 4510 Monalletinm,
900 4436 990 4498 etiarn

238 4505 363 4577 ejusdem
385 4507 528 4578 Ordinis,·
550 4507 623 4568 ibid.
634 4535 661 4573 tt.
676 4531 723 4587 3²·

279 4585 507 4662 Quiorodecimo
528 4586 583 4654 fine
606 4589 791 4676 beneplacito
816 4593 989 4677 Apolloiico

557 93 1480 188 INDEXGENERALIS

1088 209 1242 290 Regulates
1264 224 1408 289 nequeunt
1429 207 1553 271 alienate
1574 199 1699 269 mobilia
1730 203 1844 288 prestes

1088 287 1116 353 sa
1138 309 1228 371 neque
1249 308 1316 350 cum
1350 287 1532 370 permissione
1561 285 1751 352 &facultate
1782 291 1841 355 Ca*

1106 369 1173 433 'ruli
1196 369 1366 440 Generalis;
1390 371 1451 432 imo
1474 367 1601 432 maxime
1622 370 1652 430 in
1676 372 1841 438 Contenti·

1085 389 1137 518 iias
1158 449 1460 538 subieslis'Episcop'is
1482 454 1515 517 de
1537 451 1564 518 se
1585 449 1651 532 ipfis
1671 470 1766 534 neque
1786 469 1844 519 ter·

1086 535 1180 609 tuias,
1205 535 1237 597 bt
1257 535 1406 609 vineolam
1427 535 1506 602 idn.
1519 557 1567 618 ῃ.
1581 537 1619 598 Θ
1637 557 1686 617 34.

1126 617 1330 680 Sextodecimo
1352 618 1508 698 Regulates
1531 635 1678 696 nequeunt
1707 618 1765 681 fine
1794 618 1841 683 be·

1086 697 1231 776 neplacito
1251 697 1449 780 hypothecam
1470 702 1544 764 boos
1566 698 1701 780 specialia
1729 697 1840 765 Mota·

1085 779 1180 849 slerii;
1201 781 1278 841 bona
1297 799 1369 845 vero
1389 781 1562 862 generaliter
1572 781 1703 855 omnia,
1715 782 1759 845 At
1769 799 1838 847 tunc

1084 859 1103 920 st
1126 859 1238 922 deberet
1261 859 1376 939 procedi
1399 867 1433 924 ad
1467 862 1707 925 subhastationem
1743 862 1834 926 bono·

1085 961 1183 1083 tum&
1200 941 1389 1084 tgquiteretut
1424 943 1663 1026 beneplacitum
1685 942 1834 1009 ibidmum.

1084 1041 1371 1185 35Deciinuseptimo
1391 1104 1541 1170 Monialet
1564 1107 1619 1170 stne
1633 1106 1777 1171 monitate
1790 1108 1836 1170 Sa·

1083 1203 1137 1250 cta
1157 1183 1401 1266 congregationis
1420 1205 1566 1268 nequeunt
1587 1188 1710 1252 alienate
1737 1190 1835 1253 dotem

1081 1263 1222 1328 Chorislae
1243 1263 1324 1348 supra
1346 1271 1532 1345 numeratiae,
1557 1269 1602 1332 sed
1622 1270 1766 1332 omninoi
1790 1291 1834 1334 ve·
1880 1287 1882 1292 ·

1080 1344 1141 1408 lliti
1162 1345 1264 1418 debet,
1286 1348 1316 1408 br
1337 1352 1453 1429 quidem
1488 1351 1516 1412 io
1549 1350 1630 1412 bonis
1660 1349 1752 1412 llabil'
1794 1373 1835 1426 s;

1080 1423 1128 1491 vel
1150 1426 1186 1490 iie
1206 1425 1425 1509 deficientibus,
1448 1432 1476 1494 in
1499 1432 1621 1496 eenfibue
1640 1427 1827 1504 securies'e'b.

1084 1508 1483 1659 uagitiiitiiitirgilonvetsae
1503 1594 1570 1658 lieet
1585 1591 1831 1672 soptenumetariae

1084 1671 1175 1750 potell
1196 1669 1253 1736 fine
1275 1672 1327 1736 tali
1348 1671 1484 1741 facultate
1507 1677 1629 1758 expendi
1661 1673 1690 1735 in
1719 1671 1833 1735 necesli·

1084 1751 1193 1814 tatibus
1213 1750 1406 1829 Monalletii,
1430 1773 1462 1817 ut
1483 1759 1574 1818 etiam
1598 1757 1681 1819 dotes
1712 1751 1836 1816 Munia-

1081 1831 1154 1894 lium
1176 1831 1253 1891 insta
1275 1850 1426 1893 numerum
1448 1853 1514 1894 cnm
1538 1834 1597 1895 sola
1618 1835 1757 1898 facultate
1792 1831 1834 1899 sui

1081 1910 1242 1992 Superioris
1254 1932 1262 1980 ;
1285 1908 1359 1972 ibid.
1371 1936 1398 1973 n.
1412 1933 1460 1993 39.
1472 1933 1524 1989 40.

1124 1989 1351 2055 Decimooslavo
1372 1993 1537 2068 Moniales,
1561 1994 1591 2055 dt
1613 1993 1771 2076 Regulatee
1786 2016 1836 2059 ne-

1080 2072 1833 2239 iltisis'ltaliillsltdissimilii?

1080 2237 1151 2298 dom
1172 2238 1280 2298 bonum
1302 2234 1482 2314 immobile,
1514 2240 1559 2301 tel
1595 2239 1706 2302 mobile
1725 2239 1833 2318 pretio·

1081 2317 1163 2380 sum.
1187 2313 1226 2377 Et
1250 2336 1339 2398 neque
1359 2319 1483 2383 alienate
1506 2319 1672 2383 immobilia
1692 2337 1747 2402 pto
1776 2317 1831 2383 Fa-

1080 2399 1160 2462 brice
1182 2397 1371 2460 Monalletii,
1395 2401 1509 2464 Possunt
1530 2417 1628 2463 tamen
1653 2403 1708 2465 sine
1743 2397 1831 2464 Bene·

1103 2479 1190 2542 lecito
1211 2495 1378 2543 convertere
1400 2481 1429 2542 in
1451 2479 1515 2546 usus
1535 2485 1741 2547 conventuum
1766 2480 1830 2564 spo-

1082 2501 1123 2627 iia
1142 2557 1362 2637 desundlotum,
1384 2561 1431 2627 vel
1453 2562 1670 2636 desunslatum3
1692 2563 1767 2625 Vide
1786 2559 1830 2627 iba

1083 2665 1162 2706 nam.
1185 2661 1237 2718 41.

1123 2722 1329 2788 Decimonono
1347 2724 1522 2802 Moniales,
1556 2725 1587 2790 dt
1609 2723 1760 2808 Regulates
1781 2745 1830 2790 ne·

1083 2824 1193 2889 queunt
1216 2807 1270 2867 stne
1291 2805 1472 2889 beneplacito
1493 2827 1545 2886 pto
1566 2806 1765 2890 extinguendis
1783 2807 1829 2872 de·

1083 2890 1154 2952 bitis
1183 2887 1353 2951 Monassetii
1385 2889 1507 2952 alienare
1536 2890 1642 2965 bona,
1673 2887 1721 2953 vel
1743 2908 1829 2971 pecu·

1081 2973 1160 3034 niam
1181 2968 1344 3044 redebitur,
1363 2968 1412 3034 seu
1436 2969 1584 3034 terrasiam
1607 2993 1642 3033 ea
1656 2970 1831 3052 redemptio·

1081 3073 1116 3114 ne
1135 3049 1252 3124 pensus,
1276 3071 1364 3112 unum
1387 3069 1483 3114 tamen
1505 3074 1539 3115 et
1561 3052 1658 3115 censos
1671 3050 1845 3114 assimilo·

1077 3153 1121 3195 ne
1134 3129 1196 3194 sieri
1217 3131 1293 3211 posse
1313 3129 1417 3210 absque
1438 3132 1500 3194 Suc.
1523 3135 1618 3214 Cong.
1639 3129 1773 3195 facultate
1783 3132 1828 3197 vi·

1077 3212 1177 3287 ddtut,
1200 3213 1229 3272 br
1252 3209 1425 3292 assignatum
1446 3214 1524 3276 ibat·
1535 3235 1586 3293 42.
1598 3211 1636 3274 ad
1645 3232 1695 3287 44.

1102 3292 1199 3354 'Num
1221 3289 1282 3353 sieri
1306 3290 1390 3372 posiit
1412 3293 1550 3358 alienatio
1580 3296 1620 3360 rei
1652 3291 1829 3358 Ecclesiasti-

1078 3391 1117 3517 εἴ
1139 3372 1195 3435 tine
1216 3369 1448 3468 solemnitatibus
1468 3377 1505 3440 ab
1526 3398 1583 3441 uua
1603 3377 1637 3440 ad
1659 3376 1748 3440 allant
1770 3375 1826 3442 Ea·

1077 3474 1093 3518 c
1107 3453 1212 3598 iginii
1223 3451 1377 3618 igai'ir4ie
1399 3538 1590 3623 Regniatibus
1602 3540 1765 3623 exemptis,
1778 3537 1827 3624 ,es-

1074 3615 1165 3682 sensus
1186 3617 1372 3682 alienationis
1393 3639 1488 3686 tetum
1510 3626 1610 3706 exigui
1641 3623 1751 3688 valoris
1766 3644 1840 3690 ne«.

1072 3700 1138 3843 puis
1159 3700 1280 3783 praslati
1303 3700 1340 3763 ab
1361 3721 1460 3766 eorum
1485 3704 1625 3783 Prolato,
1650 3705 1696 3770 sed
1713 3704 1827 3785 ab'Epi·
1947 3747 1955 3756 -

1086 3803 1120 3847 co
1173 3781 1378 3860 ;ibt'd.a.49.

1114 3803 1214 3928 iisset
1245 3878 1341 3926 tamen
1373 3867 1465 3928 tertia
1496 3866 1598 3952 speciei
1628 3866 1825 3949 exemptionis

1076 3946 1201 4024 presiate
1223 3945 1314 4038 poresl
1333 3945 1499 4012 consensum
1523 3953 1552 4015 in
1575 3949 1750 4015 alienatione
1783 3949 1825 4012 tei

1074 4024 1278 4090 Ecclefiesltcae
1295 4027 1393 4110 eripui
1415 4031 1522 4097 valoris
1532 4057 1546 4108 ,·
1568 4033 1609 4094 ib.
1621 4057 1649 4096 n.
1663 4049 1710 4111 50.
1767 4107 1769 4114 Ι

1118 4104 1214 4171 lntelli
1236 4128 1253 4171 e
1284 4125 1381 4174 tamen
1403 4110 1455 4176 nili
1475 4131 1577 4198 agatur
1597 4111 1733 4179 derebus
1754 4129 1822 4198 pto·

1074 4187 1131 4273 ptii
1150 4185 1194 4255 soi
1254 4191 1386 4256 onasietii
1397 4215 1407 4272 5
1427 4195 1507 4262 iba.
1522 4215 1580 4278 51»
