3986 5234
223 145 442 297 soeiedennnm
464 225 500 289 ab
521 223 654 289 intelleto
675 225 803 306 quinque
824 219 1009 286 ordinecasii-

262 327 404 394 gnantur,
426 308 496 371 ibid.
511 331 539 369 n.
552 329 581 384 9.

303 393 373 463 Au,
415 389 524 460 uando,
550 388 581 448 cr
600 384 750 464 quomodo
759 384 796 446 ab
807 385 941 448 inteslato
951 381 1011 447 suc·

261 473 363 538 cedant
384 409 438 532 iiiii
460 469 516 532 stre
537 465 682 544 legitimi,
719 466 751 526 du
771 467 931 538 naturales,
956 465 1012 527 five

264 551 431 633 illegitimi,
463 549 509 613 vel
533 547 710 628 legitimari,
733 545 791 608 five
810 548 924 628 Spurii,
959 545 1007 608 vel

263 657 299 700 er
319 634 458 695 damnato
479 629 577 702 coitu,
599 629 630 690 ἃ
651 627 703 710 qui
722 626 795 688 tales
815 628 891 703 sunt,
913 626 944 688 δι
964 624 1006 687 di·

263 733 384 787 cautur,
407 711 448 774 ib.
469 737 497 774 n.
514 731 558 772 ro.
569 709 608 770 ed
620 728 667 770 22.
678 707 799 770 devere.
814 709 907 782 filii.

305 797 454 876 Nepotes,
486 791 715 870 &pronepotes
747 790 898 868 quomodo
920 785 1008 851 succe.

267 878 356 951 dant,
378 874 451 936 ibid.
473 895 518 934 nu.
532 890 580 947 24.
640 901 646 910 ·

309 952 515 1019 Deficientibrts
529 947 781 1022 descendentibus,
810 949 842 1013 cz
861 947 1012 1022 fratribus,

101 1019 104 1026 Δ
161 1085 164 1093 .
269 1039 315 1104 seu
336 1036 478 1100 sororibus
506 1035 668 1115 germanis,
705 1033 773 1110 quis
803 1027 951 1094 succedat?
973 1029 1014 1093 Et

268 1117 361 1203 quid?
388 1113 571 1180 fimoriatut
601 1112 677 1175 illius
700 1111 753 1174 sune
789 1110 885 1174 liberis
915 1110 1014 1172 reliilo

269 1218 350 1283 patre
361 1195 524 1280 superstite,
549 1196 577 1256 cr
600 1214 656 1257 avo
677 1210 828 1264 materno,
852 1193 1014 1263 matreiam

270 1297 405 1354 mortua,
429 1275 500 1338 ibid.
513 1297 588 1338 num.
602 1295 649 1352 25.
663 1274 702 1334 (9
715 1278 762 1334 26.

307 1360 387 1437 Quid
409 1357 427 1419 fi
449 1355 586 1420 desunsiis
606 1372 707 1436 patre,
738 1354 768 1415 dt
790 1366 883 1416 matre
915 1367 1015 1416 errent

288 1443 362 1504 iures
383 1437 564 1502 ascendentes
586 1435 640 1497 sune
662 1430 817 1507 fratribus,
843 1434 890 1497 vel
912 1433 1014 1496 sorori·

267 1463 321 1590 bus
341 1519 482 1593 desunsli,
496 1516 570 1579 ibid.
582 1540 629 1578 nu.
642 1535 691 1591 27.
788 1537 807 1566 ο

555 100 855 197 INDEX
914 95 1480 196 GENuRnuic

1094 219 1223 364 legircedat
1242 215 1351 280 marito
1361 215 1451 280 diuiti
1467 238 1476 288 ;
1496 213 1678 296 erecestre,
1699 218 1742 284 ib.
1753 245 1785 286 n.
1797 233 1850 306 ῃ.

1092 326 1109 361 Ι
1194 343 1202 360 e

1135 320 1233 441 Fiiens
1253 376 1367 458 quando
1380 421 1390 451 ,
1402 376 1432 440 dr
1446 377 1552 456 quibus
1563 375 1705 456 succedat,
1724 383 1754 445 dc
1764 386 1844 458 quid

1094 462 1124 523 in
1136 459 1379 540 casupriusagere
1389 458 1509 532 debeat,
1532 459 1573 520 ib.
1584 485 1612 522 n.
1626 467 1674 540 56.
1684 468 1729 542 5⁶.
1739 466 1776 527 (u
1789 469 1844 544 58.

1132 544 1164 602 in
1187 539 1267 604 bona
1288 539 1466 601 Clericorum
1490 559 1680 624 quacumque
1701 543 1763 624 quis
1779 545 1842 608 suc-

1089 623 1195 695 cedas,
1217 619 1247 682 ou
1267 620 1333 701 quis
1354 616 1500 683 succedere
1521 622 1625 685 debeat
1639 623 1668 684 in
1691 623 1767 687 bona
1784 628 1841 692 ue·
1910 675 1917 686 .

1092 702 1262 784 ligiosorutn
1286 695 1492 776 Professorum,
1516 701 1555 764 ib.
1577 729 1606 765 n.
1625 724 1675 785 59.
1698 707 1738 766 ad
1758 711 1805 785 ⁶5.

1131 786 1230 858 Quom
1251 781 1303 862 qui
1323 781 1435 862 poliunt
1446 782 1572 848 invicem
1596 785 1645 847 subi
1668 786 1705 848 ab
1726 787 1841 852 incelis·

1095 880 1128 926 to
1151 863 1293 928 succedere
1325 861 1406 922 simul
1429 865 1508 925 mori
1531 866 1707 946 contigerit,
1742 870 1844 932 dentur

1096 941 1217 1026 regulae,
1248 942 1351 1024 quibus
1371 941 1490 1004 discerni
1511 947 1744 1030 queatquisnam
1764 950 1844 1016 eriis

1096 1027 1177 1182 giuss
1199 1041 1330 1088 mortuus
1350 1021 1496 1088 habendus
1519 1027 1571 1104 sir,
1592 1029 1709 1094 ibidis
1733 1055 1780 1094 ne.
1794 1033 1841 1110 ⁶7.

1171 1128 1185 1164 8
1225 1147 1232 1164 e

1137 1127 1222 1247 ΑΙίᾳι9
1240 1184 1275 1246 ad
1306 1205 1385 1259 rem,
1419 1186 1499 1250 Vide
1541 1188 1624 1252 verb.
1647 1190 1837 1269 Beneficium.

1095 1269 1204 1331 Heus.
1236 1265 1326 1328 Filii.
1357 1265 1508 1332 Parentes.
1540 1272 1707 1352 Regusaeres.
1752 1276 1839 1352 Testa·

1096 1364 1236 1412 mentum.

1055 1508 1273 1575 succussto
1304 1507 1333 1569 in
1355 1507 1476 1573 Feuda.
1506 1510 1588 1576 Vide
1608 1513 1690 1580 verb.
1720 1515 1840 1580 Ferculum

309 1603 387 1678 Quid
408 1598 523 1682 quando
555 1617 622 1662 cum
654 1594 868 1660 ascendentibus
898 1593 1015 1674 aqualis
1096 1615 1142 1654 nu.
1171 1590 1323 1664 18.ad46.

269 1689 373 1768 gradus
392 1697 494 1744 extant
515 1677 604 1742 etiam
628 1676 758 1759 germani
779 1675 897 1752 statres,
920 1677 950 1736 dt
973 1672 1014 1736 so·
1056 1657 1283 1737 SUCCESSOR
1296 1670 1325 1730 ln
1338 1669 1712 1753 BeneficioEcclefiassico,
1735 1699 1769 1742 ,ῃ
1781 1726 1790 1755 ‚
1811 1680 1841 1744 ἃ

270 1785 347 1829 rores
365 1760 512 1833 desundii,
534 1758 606 1821 ibid.
619 1783 665 1820 nu.
680 1757 725 1818 28.
738 1757 777 1820 (⁸³¹
788 1777 839 1835 ²9·

308 1845 524 1908 Germanorum
546 1839 600 1901 silli
614 1838 763 1920 quomodo
784 1837 960 1909 succedant,
985 1835 1015 1896 de

270 1925 419 2010 quomodo
440 1939 576 2002 nepotes,
598 1937 649 1982 aut
659 1935 831 2002 pronepotes
841 1919 936 1981 sustris
946 1936 1014 1998 prar-

271 2007 399 2080 mortui,
421 2004 502 2065 ibid.
513 2027 560 2063 nu·
574 2023 620 2081 30.
633 2003 672 2062 (u
687 2022 735 2080 3¹·

312 2086 382 2148 Filii
404 2085 565 2155 naturales,
589 2084 619 2142 δι
641 2079 791 2162 illegitimi
803 2079 956 2146 succedunt
968 2095 1017 2160 pa·

274 2167 420 2240 rentibus,
443 2165 473 2228 δι
495 2181 612 2236 contra,
633 2162 707 2224 ibid.
722 2185 768 2224 nu.
783 2181 830 2243 3²·

315 2244 524 2310 Deficientibus
544 2241 777 2315 ascendentibus,
799 2244 830 2303 δι
851 2239 1016 2303 descenden-

220 2321 224 2328 ’
271 2329 350 2390 tibus
370 2323 435 2399 quis
456 2321 604 2388 succedat,
625 2321 666 2378 ib.
682 2344 728 2380 nu.
740 2341 788 2399 33.

311 2403 391 2478 Quid
413 2401 518 2460 sucum
540 2395 664 2460 defuncti
687 2396 838 2472 fratribus,
860 2399 891 2461 ἃ
913 2396 1014 2459 sorori·

1096 1752 1211 1834 qusodo
1233 1768 1364 1815 teneatur
1385 1755 1457 1817 liare
1480 1755 1619 1820 locationi
1642 1757 1839 1825 saflaeabiin-

1096 1833 1248 1906 recessote,
1273 1832 1389 1914 ejusque
1410 1835 1507 1898 debita
1527 1836 1637 1902 soluere
1648 1845 1662 1909 l
1675 1840 1751 1902 Vide
1763 1843 1842 1903 verb.

1098 1917 1211 1977 beatio
1229 1935 1276 1974 eu.
1287 1916 1317 1976 8.
1329 1916 1408 1978 verb.
1428 1919 1683 1990 solutionum'rt.
1703 1923 1832 1984 Meliore·

1098 2013 1191 2058 menta
1210 2015 1286 2058 num.
1311 2013 1358 2076 32·

1231 2155 1654 2232 suFFRAGrA.

1056 2315 1230 2400 Suffragium
1252 2317 1327 2382 uode
1348 2313 1473 2382 dicatur?
1494 2315 1565 2377 Vide
1584 2315 1659 2379 uerb.
1678 2313 1812 2399 Suffragia

1097 2423 1174 2463 mim.
1200 2419 1228 2463 1·

271 2485 323 2548 bus
343 2480 505 2566 germanis,
528 2494 628 2542 extent
647 2476 800 2541 etiamsilii
822 2478 939 2542 asterius
960 2476 1013 2540 sra·
1055 2478 1226 2562 suffragium
1249 2479 1403 2561 dupliciter
1432 2474 1573 2548 sentitur,
1608 2477 1639 2540 δι
1659 2475 1826 2556 assignatur,

271 2567 343 2640 tris,
366 2582 417 2640 aut
440 2561 543 2626 sororis
563 2579 704 2642 germanae
726 2559 939 2641 przdesunsiae,
972 2557 1013 2621 ib.

270 2671 346 2715 num·
370 2667 419 2728 34.

1098 2578 1185 2704 {bom
1206 2563 1241 2624 ad
1263 2557 1379 2642 praesens
1399 2559 1505 2625 attinet
1527 2556 1791 2625 definiturum.
1804 2580 1831 2620 2.

1161 2664 1189 2723 ζ.

310 2729 426 2789 Fratres
444 2721 594 2805 germani,
616 2701 839 2801 eorumquefilii
860 2719 1017 2785 excludunt
1058 2721 1230 2804 suffragium
1253 2721 1407 2804 tripliciter
1420 2721 1586 2802 contingere
1606 2723 1715 2807 potest,
1737 2719 1835 2788 &asst-

270 2810 371 2872 srarres
394 2805 484 2866 solum
516 2805 663 2879 uterinos,
686 2801 818 2865 &solum
849 2802 1017 2884 consangui-

270 2909 356 2960 ηοω,
379 2883 450 2948 ibid·
472 2910 547 2948 num.
574 2906 620 2964 35.

310 2967 408 3044 Quid,
432 2967 451 3029 st
474 2966 526 3029 soli
547 2963 601 3026 filii
623 2962 953 3039 diuersorumsrarrum,
968 2963 1016 3028 ves

271 3051 399 3114 sororum
422 3064 537 3119 extent,
572 3046 603 3108 dr
624 3045 719 3110 nullut
747 3049 836 3109 stater
875 3043 1015 3120 desunsii,

270 3131 431 3196 ibidnum.
469 3132 497 3190 6.
521 3125 561 3188 (9·
585 3147 634 3206 37.

311 3209 418 3272 Adhuc
440 3149 463 3268 s
480 3205 551 3270 nulli
564 3223 662 3268 extent
686 3206 767 3269 liberi
790 3208 933 3289 legitimi,
964 3226 1017 3268 nec

293 3284 539 3359 ermani=sratres,
562 3301 613 3349 aut
633 3285 742 3350 sorores
762 3288 903 3361 desuncii,
923 3289 957 3349 de
968 3308 1013 3349 cu-

272 3393 317 3445 tus
338 3369 502 3435 hereditate
522 3367 636 3447 agitur,
668 3367 788 3445 &quid
819 3370 836 3427 st
868 3366 1013 3430 ‹lesuniius

271 3453 416 3534 relinquat
437 3447 574 3530 quosdam
597 3446 696 3509 iratres
717 3445 963 3528 consanguineos,
984 3450 1016 3508 dr

270 3533 408 3616 quosdam
430 3531 577 3600 uterinos,
598 3526 669 3588 ibid.
681 3549 726 3588 nu.
739 3527 786 3607 38.
800 3551 848 3607 39.
860 3527 897 3589 (9
908 3548 957 3602 40.

316 3610 518 3677 Deficientibus
538 3610 674 3677 omnibus
687 3605 838 3682 fratribus,
861 3611 891 3669 de
914 3607 1015 3670 sorori·

209 3720 212 3729 ’
269 3693 508 3772 honestumque
530 3691 664 3753 omnibus
685 3685 772 3764 filiis,
794 3692 859 3771 quis
871 3687 1015 3763 succedat,

268 3777 396 3839 aenum·
417 3793 467 3849 sse
829 3837 832 3845 1

311 3854 458 3935 Cognati,
492 3851 522 3913 dc
543 3853 640 3934 agnati
673 3870 761 3932 usque
790 3851 824 3914 ad
845 3871 931 3934 quent
953 3872 1014 3933 gra·

270 3937 341 3999 dum
346 3935 507 4079 c&accedere
528 3932 632 4016 poliunt
654 3933 689 3994 ab
711 3932 861 4008 intestato,
884 3932 1012 3995 ididan.

297 4039 322 4078 2·
430 4035 456 4094 ἦ.
572 4057 577 4066 ’

272 4041 292 4096 4
310 4097 381 4159 Filii
403 4036 555 4175 idoptivi,
578 4093 742 4168 naturales,
767 4092 852 4177 spurii
874 4093 903 4155 dc
925 4094 1011 4158 colla·

271 4177 373 4243 tetales
392 4199 427 4250 eur
447 4181 584 4240 damnato
607 4176 687 4240 coitu
707 4196 742 4238 an
765 4173 869 4258 possint
898 4171 946 4236 subi
971 4177 1011 4238 in·

270 4261 385 4417 uicegrg,
421 4255 466 4323 uel
489 4256 554 4320 aliis
575 4256 736 4332 succedere,
764 4256 837 4322 ibid.
857 4279 931 4320 nem.
962 4278 1011 4338 45,

272 4345 312 4404 ed
375 4383 383 4402 .

310 4418 517 4486 Deficientibus
537 4418 671 4482 omnibus
692 4418 906 4501 consanguineis
914 4418 1010 4484 desun-

1099 2822 1222 2886 gnatur,
1244 2803 1283 2865 ib.
1296 2827 1370 2866 nem.
1382 2823 1412 2880 4.

1060 2883 1233 2978 Suffragium
1255 2907 1290 2948 ex
1320 2902 1405 2967 opere
1437 2882 1583 2963 operantis
1605 2881 1713 2948 duobus
1744 2885 1837 2950 modis

1098 2985 1268 3110 “’l'l‘rlz
1286 2966 1397 3139 ruri}
1409 2964 1838 3142 ,restuititur

1098 3124 1264 3269 tggins‘ung·
1291 3127 1414 3207 duplicis
1444 3145 1577 3207 generice
1607 3127 1637 3187 ἅ
1668 3125 1838 3210 assignantur

1098 3231 1108 3270 ¹
1141 3289 1182 3351 De
1207 3288 1276 3348 Fide
1297 3287 1334 3350 esi
1355 3285 1427 3348 dati.
1440 3287 1514 3350 inter
1527 3285 1622 3350 fideles
1632 3285 1835 3369 Suffragiorutrt

1096 3371 1416 3442 communicationem
1446 3369 1477 3429 dc
1497 3369 1645 3448 quomodo
1677 3369 1742 3432 talis
1761 3390 1837 3430 cotn-

1097 3452 1258 3548 municatio
1287 3447 1349 3512 sieri
1380 3447 1483 3530 potue,
1514 3469 1547 3511 ac
1567 3449 1687 3524 debeat,
1715 3450 1838 3530 explica·

1098 3529 1383 3674 tmilliibteiitiriiiri
1392 3555 1587 3684 5iirdenrium,
1623 3609 1741 3692 asperso
1762 3631 1839 3692 aque

1101 3691 1274 3764 Benedicta,
1307 3690 1463 3756 incensatio
1493 3691 1602 3768 thuris,
1634 3712 1837 3772 campanarum

1071 3809 1078 3816 ·
1101 3771 1216 3857 pulsusa
1240 3773 1382 3853 sepultura
1404 3774 1433 3834 in
1456 3771 1521 3833 loco
1542 3772 1630 3834 Sacro
1650 3794 1706 3848 an,
1730 3775 1835 3853 &qno-

1100 3855 1190 3918 modo
1210 3856 1318 3934 prosint
1349 3851 1514 3927 Defundiis,
1535 3851 1576 3913 ib.
1591 3879 1619 3914 n.
1633 3873 1680 3915 en.
1691 3858 1731 3914 ad
1742 3875 1786 3928 24·

1136 3935 1180 3998 Ut
1211 3932 1378 4016 suffragium
1406 3933 1542 3998 sortiatur
1571 3931 1651 3996 suum
1685 3933 1830 4002 essedum,

1094 4017 1164 4098 quid
1187 4017 1369 4096 requiretur,
1392 4015 1432 4077 ib.
1444 4037 1519 4078 nunt.
1532 4021 1579 4094 ις.
1593 4015 1632 4076 Θ·
1644 4018 1695 4078 26.

1135 4095 1307 4171 Generales,
1328 4094 1719 4159 &provincialesOrdinunr
1742 4097 1834 4172 Regu·

1095 4175 1199 4240 larium
1222 4178 1334 4259 possunt
1355 4195 1437 4241 extra
1459 4175 1639 4256 Religionem
1670 4176 1833 4257 specialibus

1096 4256 1151 4321 suis
1172 4255 1402 4321 Benesadioribus
1421 4257 1589 4338 spiritualia
1610 4259 1700 4331 bonu,
1722 4257 1751 4316 δι
1776 4249 1832 4314 sus·

1096 4338 1185 4419 sragia
1205 4336 1246 4400 sui
1264 4336 1386 4401 Ordinis
1406 4339 1639 4413 communicare,
1661 4337 1690 4399 dc
1709 4353 1836 4417 quomo·

1096 4423 1133 4484 do
1152 4418 1261 4502 profint
1283 4417 1367 4500 ipfis,
1389 4419 1542 4498 innuitur,
1564 4417 1642 4484 ihre.
1656 4419 1756 4499 ηοω
1766 4435 1814 4500 3¹·

268 4502 329 4576 sii,
350 4503 416 4584 quis
437 4499 585 4571 succedat,
607 4499 647 4596 ib.
668 4525 696 4560 n.
719 4523 768 4578 49·
792 4513 829 4566 (ν
855 4523 901 4580 ςο.
985 4551 1004 4572 .
1105 4569 1108 4576 ,

308 4582 391 4646 Uror
411 4602 517 4665 pauper
546 4601 602 4654 an,
630 4583 764 4661 quando,
805 4585 834 4648 dc
863 4583 1013 4660 quomodo

1736 4656 1792 4723 SV·
