3986 5234
423 60 757 186 naisum
817 61 1532 204 noTAniniuiil'
1620 104 1706 220 483
1900 66 1916 80 ”

1 250 6 292 ,ι
138 213 296 358 Rufulum
316 208 347 273 in
369 207 490 276 Dioecesi
505 209 642 292 Episcopi
660 213 850 294 approbantis
870 213 933 297 pos·

195 313 246 360 uni
264 290 410 356 absolvere
465 293 619 358 renitentes
637 291 765 357 'alterius
802 295 935 361 Diceresia

181 398 199 440 a
219 376 335 436 Cahbus
355 374 384 434 iii
408 311 469 452 ipsa
492 371 660 445 reservatii;
680 374 712 437 dr
732 395 768 438 aii
791 374 819 436 id
842 375 932 441 etiarn

178 454 285 537 possint
305 453 357 516 alii
380 451 570 527 Consedarii,
593 453 633 515 ib.
644 479 672 517 ιι.
689 476 718 532 4.
732 457 770 518 Q·
785 477 811 536 5.

219 537 312 598 Datur
335 535 364 594 in
389 533 514 596 Ecclesia
535 535 590 598 Dei
621 533 744 616 poteslas
774 535 932 602 reservandi

178 616 286 689 pasus3
314 631 376 693 qua
403 632 523 696 peccata
553 613 686 680 reservari
718 617 870 694 demant,
901 620 932 683 dr

1096 290 1357 357 RESIDENTIA
1373 337 1382 371 ,
1404 291 1634 360 RESIDERE.

973 439 1104 517 Residere
1122 448 1155 516 in
1178 453 1330 529 Ecclesia,
1366 453 1412 518 tes
1443 455 1595 520 Praebenda
1615 453 1685 532 quid
1707 451 1761 538 sit,

1013 533 1044 598 dr
1066 533 1223 616 importet,
1246 534 1277 598 dr
1298 535 1334 597 ad
1354 533 1528 600 residendum
1562 536 1610 600 uid
1621 532 1763 611 sufficiat,
1854 601 1856 603 ,

1013 615 1044 677 di
1065 616 1248 696 requiratura
1270 614 1346 679 Vide
1367 616 1446 680 verb.
1468 617 1535 694 Res
1551 621 1628 680 entia
1645 639 1720 680 oiim.
1735 637 1760 680 i.

175 698 282 778 quibus
302 712 450 774 competat
470 739 479 772 ,
502 695 548 760 vel
572 715 660 773 noti,
690 696 757 766 talis
787 700 929 780 poteslas,
1016 695 1136 792 λψς.

179 777 222 841 sb·
234 799 311 839 nume
323 779 351 837 ό·
365 777 403 838 ad
417 796 464 838 12·

218 857 298 938 Papa
317 861 381 937 qii'at
402 871 520 937 peccata
540 856 682 923 ordinarie
704 857 754 922 fibi
790 857 928 940 reservet,

168 938 207 1002 ’δι
227 938 347 1017 quinam
370 939 423 1002 fini
444 937 522 1002 casus
544 939 626 1022 Papa
647 936 800 1014 reservati,
824 941 863 1004 ib.
881 967 929 1008 nii.

179 1038 227 1092 ιι.
243 1039 288 1095 14.
303 1017 532 1098 &15.&verb.
556 1019 700 1098 Absolutio
720 1038 774 1083 ιιι.
800 1041 827 1083 1.
849 1022 928 1088 verb.

177 1102 432 1162 Excommiini'caii'n
450 1119 506 1162 art.
518 1122 545 1182 3.
557 1100 596 1162 (9
605 1123 635 1177 4.

215 1179 344 1323 Qoiti6iim
366 1179 419 1244 sint
440 1179 518 1246 casus
538 1179 691 1265 Episcopis
713 1179 865 1261 reservati,
887 1183 926 1249 i'b.

177 1281 280 1322 niem.1
306 1303 314 1322 .

216 1343 345 1416 Quinam
369 1344 423 1406 sint
444 1340 555 1416 casus,
588 1343 639 1423 qui
661 1342 795 1410 reseruari
816 1345 930 1426 possunt

180 1441 199 1483 a
218 1421 345 1486 Praelatis
368 1423 575 1504 Regularibus,
598 1423 671 1485 i'bi'd.
687 1448 733 1487 iiie.
749 1443 793 1504 17.
805 1425 844 1486 ad
858 1447 906 1508 ²3·

215 1503 371 1584 Regulares
391 1524 450 1566 non
474 1503 601 1584 exempti
616 1502 760 1574 subjacent
774 1503 880 1570 casibus
890 1508 927 1572 ab

175 1581 281 1664 Episco
302 1605 321 1647 o
344 1583 513 1659 reservatis,
535 1585 576 1647 i'b.
598 1610 626 1648 n.
642 1606 690 1665 24.
906 1635 912 1648 .

216 1605 355 1746 Episopi
375 1682 446 1747 quas
466 1663 657 1730 absolutiones
678 1687 736 1730 nini
756 1665 876 1733 debeant
896 1668 928 1730 fi·

168 1743 206 1807 bi
229 1744 388 1820 reservare,
411 1746 453 1810 ib.
464 1770 540 1808 num.
553 1768 599 1826 ²5·
613 1746 651 1810 &
664 1753 711 1810 2⁶.
817 1815 821 1822 ,

215 1826 295 1903 Quid
316 1827 350 1890 de
372 1827 597 1893 Poenitentiar'iis
617 1827 835 1894 cathedralium
870 1827 924 1890 cir-

174 1925 208 1968 cn
227 1905 305 1972 casus
326 1905 500 1982 reservatos,
522 1906 594 1972 i'bi'd.
616 1933 691 1971 num.
706 1929 752 1987 27.
766 1911 812 1973 28.
825 1908 864 1974 Q·
876 1929 926 1982 ιφ.

218 1991 247 2050 A
269 1989 374 2052 casibus
385 1987 532 2054 reservatis
555 2033 563 2064 ,
586 1989 642 2054 sive
662 1991 784 2054 Summo
806 1987 927 2052 Pontisi·

173 2069 221 2142 ci,
244 2069 300 2132 sive
324 2067 474 2152 Episcopis
495 2114 505 2145 ,
529 2069 584 2134 sive
617 2070 743 2132 s’raelaiis
777 2071 805 2134 R
844 2069 927 2134 ulari-

173 2149 246 2222 bus,
269 2149 411 2228 quinam.
434 2153 463 2212 dr
484 2171 501 2212 a
521 2150 624 2230 quibus
639 2149 743 2232 possint
756 2150 824 2215 abso
839 2171 926 2226 vere,

171 2227 218 2294 vel
241 2247 320 2301 tton3
343 2227 419 2292 Vide
441 2229 520 2292 verb.
543 2229 687 2308 Absolutis
702 2249 753 2310 prr
774 2249 825 2294 tet.

212 2309 357 2384 Quando,
380 2308 581 2389 &quomodo
615 2330 731 2392 uigente
764 2309 926 2378 necessitate

171 2387 360 2461 celebrandi,
391 2386 438 2453 seu
458 2391 692 2454 communicandi
736 2392 800 2457 ossii
852 2393 924 2458 iani·

172 2484 235 2528 tens
255 2465 364 2527 absolvi
386 2467 423 2527 ab
445 2466 574 2529 inferiori
605 2413 783 2530 concedito
812 2413 922 2546 aspec-

172 2545 245 2609 catis
267 2543 442 2638 reservatis,
474 2546 564 2638 etiam
596 2545 752 2638 Censuram
783 2549 923 2620 adnexam

172 2623 926 2799 hirmannus.sannis.luit:

173 2785 219 2850 vel
241 2783 428 2848 obliviscente
449 2783 569 2861 alicuius
590 2783 746 2864 reservati,
770 2786 816 2853 vel
829 2784 922 2868 ipsum

175 2867 325 2950 ‘ignorante
342 2888 350 2936 ;
371 2863 444 2928 i'bi'd.
461 2889 537 2928 num.
551 2870 648 2946 310ad
658 2889 707 2943 ιφ.

211 2948 290 3026 Quid
311 2948 344 3010 de
367 2944 542 3011 Consessario
564 2944 691 3010 inferiori
711 2945 862 3014 dubitante
872 2949 921 3013 du·

171 3027 220 3091 bio
241 3029 344 3102 Juris,
378 3027 433 3092 sive
457 3025 521 3094 faui
545 3072 554 3105 ,
591 3028 648 3091 sive
669 3028 757 3095 dubio
778 3030 922 3111 positivo,

170 3109 226 3174 sive
249 3109 405 3190 negativo,
426 3130 463 3172 an
487 3128 636 3192 peccatum
661 3109 693 3171 sii
726 3109 919 3188 reservatum,

169 3191 199 3252 di
220 3190 254 3254 de
275 3191 436 3271 poenitente
457 3193 517 3268 post
536 3187 738 3256 consessionem
760 3190 825 3254 talis
855 3211 919 3273 pec·

169 3273 227 3334 cati
249 3271 329 3336 dubii
350 3271 539 3353 cognoscente
559 3271 638 3336 suisse
672 3292 768 3336 revera
799 3271 920 3338 reserva·

159 3369 253 3429 tum,
266 3351 339 3415 ibid.
352 3375 428 3415 num.
439 3373 492 3430 40,
501 3375 552 3430 4¹·
565 3354 603 3418 (s
614 3374 663 3429 42.

210 3433 281 3510 An,
305 3434 336 3495 sir
356 3434 472 3514 quando
493 3427 577 3516 possit
598 3427 709 3498 absolvi
731 3478 740 3509 ,
777 3431 827 3514 qui
858 3435 920 3514 pust

167 3515 319 3579 obtentam
340 3512 507 3578 facultatem
517 3519 531 3589 ,'
550 3532 580 3582 ut
602 3513 790 3591 absolvatur,
813 3514 918 3579 iterum

167 3593 332 3668 cominittir
354 3595 411 3659 alia
431 3594 590 3670 reservata,
613 3597 652 3659 ib.
678 3618 816 3676 num.43.

182 3747 187 3756 ¹
213 3677 295 3742 Pueri
320 3674 400 3741 usum
425 3675 702 3752 rationitliabentes
731 3695 798 3740 ante
828 3695 919 3766 annot

167 3757 344 3844 pubertatis,
369 3759 518 3823 incurrunt
539 3755 618 3822 casus
639 3751 824 3834 reservatos,
846 3757 919 3820 i'bi'd.

142 3860 337 3988 ...amnui
359 3939 441 3984 rent.
466 3891 642 3994 viderem.
665 3905 809 4002 Absiisvtio
830 3961 840 3993 ,
863 3924 918 4002 Ap.

162 4002 304 4088 probatio,
328 4000 532 4082 Conseffati'iis,
548 4001 731 4082 jubileum,
762 4001 917 4076 Moni'iiles,

971 774 1135 840 Residentia
1156 777 1193 840 ell
1213 775 1338 859 duplex,
1357 795 1415 840 una
1436 781 1533 854 vera,
1563 777 1595 842 δι
1616 777 1706 842 altera
1727 775 1759 838 h-

1010 855 1074 930 tia,
1097 858 1126 920 u
1143 877 1210 998 flua
1231 875 1351 939 utraque
1371 857 1422 931 sit,
1445 857 1519 922 ibid.
1539 881 1617 922 nam.
1626 881 1656 936 4.

1011 939 1083 1093 re,Q
1081 959 1122 1082 dd
1131 1039 1194 1162 (gua
1214 1021 1248 1083 de
1268 1017 1493 1096 consuetudine,
1515 1018 1554 1081 ib.
1580 1042 1627 1082 nii.
1641 1020 1716 1100 ped
1724 1019 1755 1081 8.

1049 1102 1135 1176 Quoa
1173 1143 1182 1176 ,
1205 1121 1237 1163 ea
1257 1119 1321 1180 quae
1340 1116 1516 1164 concernunt
1538 1099 1758 1164 canonicorom

1010 1180 1206 1246 residentiam.
1229 1178 1305 1243 Vide
1328 1181 1407 1244 verb.
1429 1184 1583 1246 canonicus
1610 1185 1692 1245 artic.
1728 1202 1757 1259 ς.

1027 1287 1055 1325 sl*
1076 1281 1126 1324 508·

1003 1279 1026 1346 p
1053 1342 1158 1420 Quoad
1179 1363 1234 1417 ea,
1265 1359 1328 1420 φιν,
1357 1359 1534 1405 concernunt
1573 1342 1755 1408 residentiam
1877 1407 1893 1418 ,

1012 1423 1243 1505 Episcoporum.
1268 1421 1341 1485 Vide
1362 1421 1441 1486 verb.
1467 1425 1611 1505 Episcopus
1640 1441 1694 1488 art.
1727 1446 1757 1507 3.

1008 1527 1085 1568 num.
1098 1525 1125 1566 1.
1136 1503 1174 1564 ad
1187 1526 1199 1582 3
1204 1525 1234 1581 9.
1791 1555 1792 1558 ,

1047 1585 1150 1661 Quoad
1171 1603 1222 1656 ea,
1244 1601 1307 1662 quae
1327 1599 1504 1660 concernunt
1514 1583 1692 1648 residentiam
1706 1586 1756 1651 Pa·

1010 1666 1187 1728 rucherum.
1210 1663 1286 1726 Vide
1307 1663 1386 1727 verb.
1398 1661 1535 1728 Partibus
1554 1687 1609 1728 arr.
1625 1687 1655 1730 a.
1675 1693 1704 1730 n.
1730 1686 1757 1730 i.
1839 1683 1840 1692 ¹

1008 1745 1048 1808 ad
1070 1751 1116 1826 56.

1048 1827 1127 1902 Quid
1147 1825 1223 1888 circa
1244 1823 1421 1890 residentiam
1442 1826 1625 1892 Clericorum
1639 1827 1759 1909 simplex
1879 1817 1882 1824 ⁴

995 1906 1099 1974 solunt
1124 1905 1296 1970 Beneficium
1319 1906 1512 1982 habentium,
1534 1906 1574 1970 i'b.
1595 1931 1670 1972 num.
1688 1929 1737 1968 ia.

1051 1985 1189 2070 Episcopi
1211 1987 1323 2052 residere
1344 1989 1446 2052 debent
1477 1990 1507 2050 in
1540 1987 1593 2055 suis
1623 1987 1759 2052 Dioeceli·

1010 2070 1083 2143 bus,·
1105 2070 1246 2150 aquibus
1267 2089 1325 2132 noti
1346 2067 1414 2132 licet
1439 2069 1504 2151 ipsis
1513 2069 1670 2150 quotannis
1679 2065 1756 2134 abes·

1008 2149 1036 2216 se
1058 2151 1114 2215 fine
1135 2152 1206 2226 julla
1224 2149 1330 2226 causa,
1352 2149 1424 2213 ibid.
1444 2173 1520 2214 num.
1535 2171 1581 2232 13.

1052 2231 1123 2292 Alia
1142 2231 1202 2294 viii.
1225 2231 1266 2292 ib.
1288 2255 1316 2292 ιι.
1336 2250 1381 2308 14.
1392 2231 1431 2292 ad
1444 2252 1492 2312 ²3·

1048 2311 1126 2386 Quid
1149 2309 1298 2388 residentia
1317 2311 1430 2391 precisa
1452 2357 1460 2387 ,
1491 2310 1562 2392 qiiid
1583 2308 1751 2388 causativa,

1007 2388 1133 2456 sbemdme
1147 2412 1195 2468 240
1208 2413 1255 2472 ἲς·

1048 2473 1094 2533 Et
1115 2471 1217 2548 quibus
1239 2471 1365 2550 dignosci
1390 2471 1484 2550 pollii,
1520 2487 1617 2534 utrum
1647 2471 1757 2537 Benefi-

1007 2547 1055 2608 cio
1076 2546 1210 2626 imposita
1230 2547 1263 2607 sir
1284 2549 1448 2611 Residentia
1469 2549 1606 2629 praessa,
1627 2551 1754 2614 anneu-

1006 2625 1105 2691 dentia
1127 2623 1280 2700 causativa,
1301 2627 1344 2687 i'b.
1357 2650 1403 2690 nu.
1424 2632 1500 2690 ada
1523 2671 1531 2689 .

1050 2705 1225 2788 impetratio
1248 2705 1406 2780 Beneficii,
1427 2726 1488 2788 qiio
1527 2706 1561 2769 sit
1590 2709 1753 2774 obnoxium

1004 2785 1086 2852 oneri
1107 2784 1274 2850 Resideiitiae
1295 2787 1472 2862 causativa,
1507 2786 1605 2852 valida
1625 2791 1686 2865 ell,
1707 2791 1755 2855 ves

1005 2866 1120 2931 srnihil
1142 2863 1250 2932 dissum
1272 2867 1308 2930 fir
1329 2867 1364 2931 de
1384 2867 1546 2931 Residentia
1566 2913 1575 2943 ,
1597 2870 1643 2935 vel
1665 2872 1684 2933 li
1706 2891 1755 2936 ne·

998 2961 1106 3032 'gaium
1138 2950 1181 3028 fit,
1202 2947 1305 3015 habere
1340 2948 1433 3031 ipsum
1462 2947 1631 3014 Refidentiae
1659 2972 1751 3029 onus,

1005 3027 1217 3176 fidissima
1236 3111 1400 3188 judicatur,
1421 3129 1484 3192 φιν,
1515 3110 1664 3176 intercedit
1694 3112 1752 3176 Re-

1005 3191 1151 3260 sidentiam
1175 3189 1317 3274 piacisam
1340 3214 1358 3254 a
1377 3195 1438 3268 jure
1460 3190 1623 3274 impositam
1655 3192 1751 3268 inter,

1004 3275 1035 3340 δι
1056 3274 1233 3338 reddendam
1256 3272 1390 3356 scriptam
1413 3273 1450 3337 ab
1471 3271 1591 3336 humine
1613 3317 1623 3351 ,
1645 3271 1751 3338 ibidem

932 3407 935 3412 .
1003 3379 1080 3419 irum.
1096 3377 1146 3434 ap.

1012 3443 1020 3478 ¹
1043 3436 1116 3498 Alia
1137 3435 1197 3502 vid·
1219 3435 1276 3498 hoc
1296 3449 1372 3502 tuin.
1395 3457 1422 3498 x.
1447 3433 1476 3496 in
1497 3432 1751 3516 Append.Decret.

1002 3515 1031 3579 in
1053 3513 1184 3582 Casalen.
1215 3515 1408 3593 Reſsdeiiri'ae,
1440 3517 1480 3598 Sy
1521 3515 1604 3578 ntina
1632 3518 1752 3580 Seruirii'

1001 3601 1146 3671 Eccleiae,
1167 3597 1298 3661 Suessana
1318 3599 1456 3671 Servirii',
1507 3596 1570 3657 allii
1582 3595 1750 3662 MaiisSer·

1001 3678 1073 3742 uisis
1093 3678 1207 3755 Choes,
1241 3678 1394 3760 Eugubsuc
1414 3679 1532 3742 servitii·
1561 3673 1647 3740 Chori'
1657 3721 1666 3753 ‚
1687 3679 1749 3743 To·

1001 3759 1113 3842 lentina
1133 3762 1251 3824 servitii
1271 3757 1378 3835 Chori,
1403 3759 1441 3824 θ’
1463 3757 1553 3836 Miffae
1571 3763 1746 3822 Conveniun-

1001 3839 1055 3914 li's,
1077 3838 1302 3920 Calaguritani,
1324 3841 1354 3906 δι
1375 3838 1541 3905 Calceaten.
1562 3839 1751 3920 defidentia,

1001 3921 1163 3988 Civitaten.
1186 3921 1316 3986 indulti.

167 4088 321 4158 Novitiae,
346 4086 480 4144 Pressius
501 4072 664 4167 Regillensi,
687 4081 855 4161 Regulam,
879 4081 918 4148 (s
960 4083 1005 4151 De
1027 4081 1197 4149 RESIDUI
1230 4083 1372 4150 Criminis
1420 4101 1519 4158 oena,
1550 4101 1614 4164 qna
1644 4083 1697 4155 sit,
1717 4081 1749 4144 ds

167 4167 245 4230 verb.
268 4163 451 4243 Confeffari'iei
470 4185 525 4242 art.
539 4186 563 4226 1.

999 4167 1069 4249 quid
1090 4167 1122 4232 fit
1142 4166 1253 4231 crimen
1273 4164 1307 4229 de
1327 4163 1391 4230 Res
1431 4165 1476 4240 ii;
1498 4163 1574 4231 Vide
1594 4163 1753 4236 verb.Pie·‚

143 4285 170 4304 .-
206 4247 351 4311 Morietur
373 4245 572 4324 Lenonos
602 4238 759 4310 laxioribus
781 4237 921 4322 Ausioiis
993 4273 1036 4313 ιιι
1057 4269 1113 4314 ert.
1136 4269 1164 4313 a.
1185 4269 1261 4312 ιιιιιιι.
1287 4247 1353 4310 168.

167 4325 354 4406 opinionibus
375 4319 412 4388 in¹
427 4325 489 4404 hoc.
503 4323 626 4404 articulo
647 4313 782 4472 mposisse
816 4321 843 4404 se
872 4325 918 4387 de·

168 4406 238 4478 dat,
259 4405 330 4470 ibid.
344 4432 423 4490 num.
436 4429 508 4491 «53,
519 4407 553 4473 bi
575 4406 681 4490 ,respon
694 4430 725 4494 ip
756 4397 916 4508 studetis,

168 4485 241 4552 ibid.
253 4509 328 4552 aum.
346 4512 393 4570 54.
415 4559 416 4565 χ

477 4517 491 4529 tt
520 4526 522 4537 Ι

463 4554 493 4570 nb·

1168 935 1287 1002 enesicia
1306 938 1451 1018 requirant
1466 935 1758 1013 Residentiamdejii·
1896 1008 1904 1020 .
