4104 5228
472 112 809 202 nanum
869 47 1564 202 uon-nuruum.
1676 139 1766 226 237

196 226 626 394 qupppppstiogolgpppppppm
642 225 987 396 hyupbrpatispppgpttbpp
1068 302 1343 398 caluoulcuut
1363 257 1574 399 Theologum.
1595 304 1803 403 sternentia?

151 465 154 470 ,
237 393 356 458 Indnlto
389 393 485 476 quoad
517 389 703 475 presentiam
728 391 902 468 ordinarii,
921 389 1034 456 vek-
1110 405 1209 463 rrum,
1231 389 1491 481 Protpnorarrum,
1513 387 1742 484 &Jubtlatum

235 475 378 544 Canonici
427 473 730 555 Metropolitanarum
771 473 988 549 Ecclefiarum,
1252 487 1338 532 varta
1367 486 1599 534 concerneutra.

235 557 502 623 &Catbedralinm
514 553 727 635 Ecclefiarum,
752 553 826 622 ibid.
848 581 925 624 num.
939 561 990 638 56.

238 639 277 706 <⁹¹
294 643 375 724 seqq.
726 709 730 716 Ι
1029 629 1196 698 Canonicus
1216 629 1387 713 Theologus
1408 631 1456 698 ubi
1477 630 1675 714 deputandus,
1704 635 1826 724 &quae

1069 712 1220 778 Praebenda
1240 711 1268 776 ei
1288 713 1574 795 assignandaibside
1594 718 1677 784 verb.
1695 725 1820 787 Canem.
1947 760 1952 768 s

242 802 463 874 CANONlCl
482 799 579 884 quoad
599 801 814 886 perceptionem
837 803 934 872 Sacra·
1066 816 1112 861 ene
1131 814 1186 858 arr.
1211 817 1241 870 9,
1261 817 1338 858 num.
1364 815 1393 858 ι.

316 901 503 960 mentorum,
524 883 668 966 &quoad
689 883 806 962 sunere,
827 884 860 949 δι
1022 878 1168 944 Canonici
1186 875 1335 958 Theologi
1356 874 1509 958 deputatio
1529 897 1590 941 non
1610 879 1645 944 sit
1666 881 1697 945 in
1717 885 1826 951 Eccle„

478 965 660 1050 sepulturam
686 1009 697 1030 .
1065 960 1112 1024 sris
1132 958 1357 1024 Catbedrelibue
1379 955 1665 1041 regularium&
1686 967 1816 1044 litabam

804 1107 806 1113 ,
1066 1043 1109 1106 da
1124 1061 1190 1108 oon
1211 1038 1276 1108 sunt
1297 1040 1451 1114 dillinsla,
1481 1060 1534 1104 nec
1555 1041 1690 1109 Ecclesrae
1718 1067 1822 1112 nume.
1915 1111 1921 1116 Ι

277 1129 446 1196 canonicus
474 1127 610 1196 Ecclenae
637 1126 824 1194 cathedralis
860 1130 987 1196 carentis
1064 1143 1151 1195 rates
1174 1143 1226 1186 nec
1249 1122 1275 1187 ei
1298 1123 1328 1184 in
1351 1123 1413 1187 vim
1436 1122 1554 1186 unionis
1572 1121 1655 1192 sadia
1683 1130 1724 1192 ab
1742 1128 1817 1203 Epi·

234 1214 403 1290 Canonica,
434 1211 491 1277 srve
518 1215 629 1276 adibus
657 1209 901 1288 canonicalibus,
932 1211 985 1276 ha·
1060 1205 1155 1288 scopo
1180 1205 1216 1268 de
1238 1205 1393 1269 Prabenda
1421 1221 1562 1268 vacatura
1589 1212 1736 1296 comperit
1759 1213 1822 1291 Jus

233 1294 303 1359 bene
324 1260 527 1370 domiciliuns,
557 1295 590 1358 de
610 1294 677 1356 adiu
696 1293 834 1358 habitans
853 1294 929 1356 intra
950 1293 982 1356 si-
1065 1285 1424 1384 adversusqanonicatum
1444 1303 1582 1353 vacarum
1603 1309 1654 1376 per
1678 1290 1818 1374 Reciper-

234 1395 284 1440 nes
303 1377 420 1445 alterius
443 1375 608 1451 Parochia,
631 1392 744 1439 tenerur
765 1373 797 1436 in
828 1373 982 1438 infirmita·
1066 1386 1204 1444 etonem,
1223 1368 1296 1432 rhed.
1316 1391 1396 1432 eum.
1417 1367 1458 1432 (θ’
1480 1390 1511 1450 3.
1648 1391 1653 1398 ·

234 1473 263 1521 te
284 1457 407 1540 recipere
439 1459 624 1524 Sacramenta
657 1478 676 1519 a
695 1454 830 1518 Parocbo
850 1454 982 1521 Domici·
1105 1450 1258 1514 Praebenda
1279 1450 1391 1526 etesia,
1411 1451 1443 1513 δι
1461 1449 1600 1531 deputata
1620 1453 1821 1538 proTll²0l⁰r

232 1537 289 1604 lii.
311 1540 388 1607 Vide
411 1541 493 1604 verb.
514 1541 672 1603 canonicus
690 1555 746 1600 arr.
767 1537 800 1599 8·
827 1557 934 1602 numer.
956 1557 987 1602 1.
1066 1551 1107 1614 go
1125 1538 1147 1592 α’
1162 1529 1291 1610 sequenti
1313 1531 1468 1593 canonico
1495 1539 1593 1612 optari
1614 1557 1675 1598 non
1704 1537 1820 1616 potesl,

233 1620 272 1683 dr
295 1645 324 1685 2.
357 1659 399 1712 s
515 1651 517 1660 ι
1066 1633 1118 1678 nec
1138 1610 1315 1691 Theologus
1331 1610 1532 1692 admittendus
1548 1617 1584 1682 ad
1606 1619 1655 1692 ius
1672 1616 1818 1698 optandi,

65 1715 68 1720 ’
193 1699 281 1763 Circa
300 1702 375 1764 hanc
397 1699 610 1765 conclustonem
632 1699 746 1778 Varia,
777 1697 846 1764 vide
864 1697 937 1765 ibid.
956 1725 988 1766 ιι.
1068 1693 1142 1758 ibid.
1161 1716 1242 1760 num·
1261 1713 1292 1769 4·
1311 1695 1354 1755 ud
1373 1693 1424 1758 6.

83 3141 127 3200 ἶ
224 3157 277 3224 bus
297 3158 447 3236 interesse,
467 3163 498 3226 δι
519 3161 664 3226 Canonici
685 3159 878 3226 cathedralis
896 3163 976 3229 dece·
1059 3159 1220 3242 quotannis
1241 3157 1393 3225 Lessinnee
1412 3159 1527 3242 publice
1547 3161 1577 3223 in

236 1784 284 1844 1⁶.
304 1781 345 1846 (a
360 1786 443 1865 seqq.
1027 1776 1192 1842 Canonicus
1213 1793 1310 1838 tamen
1332 1773 1524 1855 Theologue,
1544 1777 1597 1856 qui
1618 1775 1771 1858 resignavit
1786 1776 1820 1841 ire

196 1859 340 1928 Canonici
364 1869 399 1926 ad
423 1863 522 1928 lunera
543 1863 789 1940 intervenientes,
811 1861 906 1926 s1s1nt
928 1865 985 1928 Ec·
1066 1857 1200 1922 manibus
1213 1855 1366 1920 Ordinarii
1388 1856 1818 1940 PrabeudamTheologalem,
1919 1865 1923 1874 '

229 1944 320 2008 clesra
339 1942 550 2019 Carbedtalis,
570 1945 757 2024 precedunt,
788 1944 893 2014 nedum
916 1966 982 2026 pro·
1066 1941 1158 2022 potell
1178 1939 1311 2004 obtinere
1332 1939 1478 2002 mediante
1500 1939 1622 2017 optione
1632 1940 1820 2023 pinguiorem

229 2026 296 2106 prio
320 2025 453 2090 Parocbo
474 2023 627 2102 Desundli,
647 2027 759 2089 etiamst
780 2026 986 2098 siolainduto;
1026 2051 1030 2064 ι
1068 2022 1250 2088 Praebendam
1271 2013 1516 2086 cumrete'utione
1537 2018 1580 2084 sui
1599 2020 1818 2087 Stalliiano·

229 2105 275 2170 sed
305 2106 398 2170 etiam
429 2105 594 2187 precedunt
623 2107 785 2170 Canonicis
812 2108 988 2190 Collegium
1069 2125 1122 2178 ¹⁰,
1145 2103 1222 2168 ibid·
1242 2126 1322 2166 num·
1341 2125 1372 2183 7·

228 2187 319 2251 etiam
351 2189 380 2250 in
413 2187 582 2252 associandis
615 2186 762 2252 funeribus
781 2186 981 2254 defensionum
1025 2186 1193 2251 eanonicus
1211 2185 1401 2266 Theologus,
1424 2185 1516 2249 slaute
1534 2183 1760 2260 consuetudine,
1780 2199 1820 2251 ut

230 2269 354 2351 propriae
375 2269 459 2351 ipsrus
481 2267 655 2354 Collegium
684 2269 852 2334 Parochiae:
881 2273 910 2334 Si
933 2295 981 2336 au·
1065 2287 1116 2350 per
1135 2267 1297 2352 quemlibet
1317 2264 1501 2331 Canonicum
1511 2267 1667 2333 habentem
1689 2267 1819 2330 Praeben·

229 2366 289 2414 tem
312 2351 368 2414 fint
388 2351 640 2433 collegiatarum,
685 2352 825 2430 rapedunt
855 2354 984 2435 propriis
1064 2353 1132 2412 dam
1155 2349 1351 2413 canonicatui
1370 2369 1512 2413 annexam
1533 2350 1702 2413 obtineatur
1713 2369 1769 2412 una
1779 2371 1817 2416 et

231 2429 369 2494 parochie
389 2429 623 2517 Delunsiorum,
643 2371 718 2499 isid.
738 2457 817 2501 nem.
837 2438 928 2510 35&
949 2459 981 2514 4.
1066 2431 1269 2514 Dignitatibus
1290 2433 1319 2494 in
1339 2430 1438 2494 eadem
1460 2431 1588 2496 Ecclefia
1608 2429 1818 2512 solumquam-

186 2512 332 2576 Canonici
364 2512 497 2578 Ecclesia
526 2514 730 2610 Capbedralis,
766 2515 812 2578 vel
835 2515 981 2598 Collegia·
1065 2514 1136 2578 dam
1156 2513 1380 2598 praecedentiam
1410 2513 1560 2594 habente,
1589 2532 1656 2578 eam
1683 2512 1821 2580 obtinere

228 2593 804 2767 stell,lls⁰350llllzss33sss
820 2617 860 2736 {i
877 2596 986 2751 llll?
1065 2595 1572 2767 discessissemus,
1590 2674 1689 2754 με...
1717 2695 1812 2739 aa.

90 2759 94 2770 '
227 2773 286 2816 non
306 2771 405 2816 aurem
427 2754 463 2814 ad
485 2752 553 2814 tllos
573 2751 678 2817 sedlat
706 2749 816 2815 Officia
842 2768 977 2837 peragere
1057 2769 1128 2814 tnrae
1150 2774 1179 2815 tn
1221 2751 1400 2832 beologalem
1437 2753 1512 2817 ualis
1528 2754 1813 2822 cnm'relreudatu’

228 2832 310 2914 super
327 2831 487 2908 cadevera,
510 2855 561 2898 nec
582 2771 617 2996 lp
635 2835 735 2906 levare
756 2833 824 2898 licet
855 2836 976 2918 irreqvi·
1056 2832 1088 2896 δι
1108 2834 1253 2913 adquam
1274 2832 1380 2915 spedlet
1409 2773 1513 2898 elediio
1543 2775 1665 2916 periitne
1695 2838 1732 2901 ad
1753 2812 1818 2901 bru.

225 2913 282 2978 'fito
304 2911 386 2998 ipso,
406 2914 483 2978 ibid.
496 2938 576 2978 num.
618 2917 686 2979 ..τά
706 2939 739 2994 9.
1007 2946 1014 2966 ·
1055 2912 1181 2988 jusmodi
1204 2914 1408 2990 l’raebendam,
1427 2913 1500 2979 ibid.
1521 2939 1599 2977 nem.
1621 2943 1651 2996 9.
1672 2919 1713 2980 ed
1737 2939 1783 2998 ις.

186 2994 361 3140 Capitulum
391 3017 451 3060 non
481 3015 619 3062 vocatum
649 3017 709 3061 non
723 2995 844 3079 -porell,
876 2996 982 3064 invitis
1020 2995 1187 3060 Canonicus
1205 2993 1398 3138 Theolcgna,
1422 2996 1458 3058 ad
1479 2997 1558 3080 quod
1580 2996 1622 3062 sat
1651 2997 1690 3061 esl
1710 2999 1809 3060 docio·

247 3079 394 3152 aredium,
426 3076 556 3145 lucrandi
576 3076 709 3162 slipendii
737 3076 837 3154 causa,
870 3077 977 3149 funeri·
1061 3090 1141 3141 rarus
1163 3078 1199 3138 in*
1214 3078 1284 3149 Jure
1306 3015 1477 3149 ⁰anonim.
1499 3077 1808 3224 quadraginpafisaltp‘m

1626 3181 1727 3225 ccea
1781 3183 1811 3225 a·

225 3242 325 3307 dentes
345 3263 403 3306 non
426 3243 515 3309 elesla
536 3241 761 3328 srbisepulrnra,
783 3243 831 3306 ubi
852 3244 978 3310 debeant
1058 3242 1126 3307 bere
1147 3257 1261 3306 tenetur
1283 3239 1516 3324 perseipsum,
1538 3242 1585 3306 vel
1608 3261 1657 3325 per
1666 3240 1739 3308 alios
1749 3243 1810 3306 ido·
1844 3262 1852 3332 ,s

224 3321 355 3405 sepeliri,
378 3322 451 3388 ibid.
472 3349 550 3388 num.
574 3345 621 3390 ro.
642 3327 686 3389 ad
707 3345 756 3408 ¹3·
1019 3335 1021 3344 ’
1058 3345 1152 3396 neos;
1179 3326 1275 3388 immo
1292 3324 1436 3406 compelli
1466 3325 1577 3407 potest,
1608 3343 1641 3387 ut
1668 3342 1721 3407 per
1740 3323 1826 3463 semp
1874 3387 1879 3398 ,

269 3403 327 3467 Pro
347 3403 491 3489 sepultura
511 3407 731 3474 canonicorum
751 3407 977 3494 Qarhedralium
1055 3426 1115 3470 uon
1138 3407 1271 3487 legitime
1292 3405 1469 3488 impediatur
1489 3406 1602 3470 muneri
1624 3404 1674 3470 suo
1696 3405 1825 3494 sarissa-J

221 3483 343 3550 debetur
358 3505 462 3568 quarta
483 3483 620 3554 funeralis
641 3490 773 3559 Parocbo
799 3490 975 3569 Dnmlcilii,
1057 3487 1136 3560 ciae3
1156 3489 1187 3550 de
1207 3491 1304 3552 eriam
1318 3489 1478 3571 affignatut
1502 3487 1630 3570 qualiter
1645 3486 1693 3550 ¹ad
1715 3489 1745 3550 id
1765 3497 1821 3552 te·'

222 3588 282 3631 non
295 3587 374 3632 vero
395 3569 524 3634 Perocho
545 3570 747 3644 cathedralis,
768 3592 862 3654 neque
885 3573 972 3639 Paro·
1054 3582 1179 3645 uelatur,
1201 3569 1220 3632 sr
1242 3571 1414 3635 diuturnum
1437 3568 1507 3634 adsrt
1541 3567 1807 3651 impedimentum,

221 3650 280 3712 cbo
301 3649 470 3727 Parochiae,
498 3651 546 3716 ubi
567 3652 642 3719 adell
670 3651 831 3734 sepulcrum
855 3652 973 3718 suorum
1054 3649 1175 3717 sisenio
1195 3650 1362 3730 consessus,
1392 3669 1443 3716 aut
1473 3649 1621 3723 iubilatus
1647 3653 1711 3716 dec.
1732 3652 1809 3716 ibid.
1904 3703 1908 3710 .

221 3731 397 3806 Malorum,
420 3730 512 3796 &asl‘
532 3752 619 3799 natur
639 3735 917 3814 quandoCuratue,
940 3737 973 3798 be
1052 3755 1131 3796 num.
1158 3733 1266 3802 mad
1288 3754 1340 3796 ao.
1845 3806 1849 3814 ,

220 3813 342 3877 Sacrisla
359 3755 558 3908 'Qathedrilis
590 3814 749 3898 praecedant
771 3815 905 3880 Pemcho
924 3815 970 3880 da:
1095 3814 1196 3892 Dato,
1226 3815 1306 3897 quod
1327 3814 1507 3879 ’Canonicns
1525 3811 1698 3896 Theologus
1727 3815 1806 3882 nolit

220 3891 332 3970 sundli,
352 3891 426 3960 ebed.
446 3918 524 3960 nem.
549 3917 597 3972 ιι.
614 3897 655 3960 (9¹
679 3916 727 3974 ις.
1053 3895 1229 3961 ullomodo
1258 3898 1372 3980 legere,
1403 3896 1495 3976 potesl
1525 3895 1684 3979 Episcopus
1717 3897 1804 3962 illum

258 3976 409 4042 Sententia
421 3977 750 4061 bac.Congregatinnis
772 3977 894 4042 Rituum
910 3973 969 4054 eli,
1052 3998 1152 4058 cogere
1184 3977 1467 4042 comminationibus
1495 3998 1666 4062 paenarum,
1707 3980 1804 4061 seque·

221 4072 254 4120 nt
272 4057 417 4124 Canonici
448 4059 539 4124 etiam
558 4059 699 4124 habentes
726 4059 913 4125 domicilium
935 4062 968 4125 in
1051 4059 1241 4124 litationibus
1260 4058 1424 4138 frudluum,
1454 4060 1486 4124 de
1506 4059 1705 4142 perseverante
1736 4083 1805 4128 con·

193 4137 313 4214 ,aliena
344 4139 486 4206 parochia
516 4140 669 4226 sepeliendi
698 4141 753 4206 sent
780 4143 812 4206 in
835 4141 964 4208 Ecclefia
1050 4142 1181 4206 mmacia
1200 4142 1337 4207 etiamad
1350 4141 1548 4223 privationem
1567 4140 1718 4221 devenire,
1743 4165 1804 4214 reon

219 4217 407 4312 sffithedrali,
429 4221 531 4289 solutis
550 4240 650 4287 tamen
678 4223 791 4297 juribus
809 4223 964 4290 Patoeltia·
1053 4218 1168 4289 servato
1187 4241 1357 4308 temporum
1372 4224 1530 4290 intervallo
1549 4225 1662 4308 a‚Trid.
1675 4225 1803 4310 prascri-

202 4295 295 4364 'ltbus
312 4301 444 4372 Parocbu
464 4304 607 4372 domicilii
629 4303 777 4374 ilianum.
802 4325 850 4387 19.
867 4307 970 4374 (rao.
1052 4319 1130 4387 pto,
1151 4303 1227 4370 ibid.
1246 4330 1324 4370 nem.
1348 4327 1396 4368 ar.
1419 4307 1459 4370 Φ
1483 4330 1533 4371 ae.

183 4398 186 4409 “
1091 4386 1172 4450 Cum
1194 4386 1345 4452 Praebenda
1375 4388 1569 4473 Theologalis
1598 4407 1685 4457 vacat
1707 4434 1716 4464 ‚
1739 4388 1802 4453 dari

1054 4467 1139 4534 debet
1157 4465 1415 4546 incommendam
1437 4473 1591 4538 Cannmm
1614 4475 1719 4537 idoneo
1729 4467 1801 4544 eius-

1053 4547 1119 4616 dem
1140 4551 1296 4636 captari,
1318 4553 1408 4620 donec
1429 4556 1573 4620 Titularis
1593 4552 1804 4637 provideatur,

1050 4630 1121 4701 aliar
1139 4635 1251 4724 poterit
1272 4635 1433 4723 Episcopus
1452 4637 1600 4720 applicare
1620 4631 1726 4700 frustm
1747 4634 1800 4730 ali·

1721 4733 1772 4789 cul
